1747 2742
650 109 692 146 P.
724 108 887 153 OVIDI
921 105 1160 147 NASONIS

242 215 415 264 Somnia,
447 229 549 267 quae
577 230 687 256 veras
715 225 887 268 aequent
915 216 1134 257 imitamine
1162 218 1318 264 formas,

244 283 444 320 Herculea
471 282 670 322 Trachine
699 282 792 322 iube
821 283 894 322 sub
924 282 1094 333 imagine
1123 282 1222 333 regis

242 348 451 396 Alcyonen
479 348 634 394 adeant,
666 347 953 398 simulacraque
982 349 1168 398 naufraga
1196 349 1355 399 fingant.

243 411 408 462 imperat
436 413 513 451 hoc
544 414 672 451 Iuno.'
728 421 939 464 postquam
970 415 1157 452 mandata
1184 414 1344 464 peregit,

244 476 316 515 Iris
344 477 455 525 abit5
492 491 622 527 neque
651 477 757 517 enim
787 478 948 517 ulterius
978 479 1143 517 tolerare
1172 479 1324 529 vaporis
1511 483 1574 523 630

243 542 321 580 vim
351 549 515 594 poterat,
546 543 705 594 labique
735 551 776 582 ut
807 557 991 583 somnum
1021 544 1142 583 sensit
1171 543 1210 582 in
1239 552 1355 591 artus,

243 607 378 657 effugit
406 615 445 646 et
473 615 621 646 remeat
649 622 718 659 per
747 621 847 658 quos
876 609 996 648 modo
1025 617 1184 648 venerat
1211 622 1336 647 arcus.

297 674 351 711 At
379 680 489 723 pater
517 687 539 712 e
567 675 717 724 populo
746 681 928 713 natorum
958 674 1064 713 mille
1093 687 1253 713 suorum

243 737 386 777 excitat
413 738 602 777 artificem
631 738 981 790 simulatoremque
1009 741 1155 790 figurae

245 804 451 854 Morphea.
510 817 591 842 non
620 803 687 842 illo
716 803 925 855 quisquam
954 805 1148 844 sollertius
1175 807 1273 845 alter
1510 810 1576 852 635

244 867 425 919 exprimit
452 868 629 908 incessus
657 871 889 920 vultumque
918 883 1141 921 sonumque
1169 870 1370 921 loquendi.

244 933 364 972 adicit
393 941 431 972 et
459 941 587 972 vestes
616 941 655 973 et
683 934 984 974 consuetissima
1012 935 1155 985 cuique

244 999 374 1037 verba.
433 1001 503 1038 sed
533 998 596 1038 hic
625 1001 730 1038 solos
760 999 943 1039 homines
972 1000 1145 1039 imitatur
1162 1015 1172 1048 ς
1210 1008 1250 1039 at
1278 1002 1375 1039 alter

245 1065 288 1102 fit
317 1065 407 1112 fera,
440 1065 482 1102 fit
511 1064 691 1112 volucris,
722 1066 765 1104 fit
794 1067 913 1115 longo
942 1078 1106 1116 corpore
1135 1079 1306 1117 serpens.

247 1130 353 1168 hunc
383 1130 519 1168 Icelon
550 1129 691 1180 superi,
723 1131 888 1168 mortale
919 1130 1143 1170 Phobetora
1171 1132 1309 1181 vulgus
1513 1136 1579 1176 640

247 1193 435 1231 nominat.
495 1201 553 1232 est
582 1193 700 1232 etiam
729 1194 906 1233 diversae
935 1194 1070 1233 tertius
1098 1196 1191 1234 artis

250 1259 467 1297 Phantasos
484 1274 494 1306 3
525 1259 588 1297 ille
609 1259 648 1297 in
669 1261 835 1298 humum
852 1273 1068 1310 saxumque
1085 1262 1314 1311 undamque
1334 1261 1576 1310 trabemque,

247 1337 429 1374 quaeque
458 1333 597 1362 vacant
626 1324 758 1363 anima
788 1325 975 1364 fallaciter
1003 1326 1138 1364 omnia
1166 1326 1312 1364 transit.

247 1389 402 1440 regibus
432 1389 471 1427 hi
501 1389 750 1440 ducibusque
779 1403 870 1428 suos
900 1392 1108 1430 ostendere
1138 1393 1266 1429 vultus

248 1462 365 1494 nocte
395 1456 534 1501 solent,
566 1456 735 1505 populos
761 1455 824 1493 alii
855 1456 1093 1506 plebemque
1124 1465 1330 1506 pererrant.
1516 1463 1582 1505 645

248 1520 429 1571 praeterit
459 1521 531 1558 hos
561 1522 704 1567 senior,
732 1521 964 1571 cunctisque
993 1536 1015 1559 e
1044 1521 1224 1560 fratribus
1254 1535 1376 1560 unum

250 1587 455 1636 Morphea,
487 1585 555 1636 qui
584 1594 742 1636 peragat
771 1586 1090 1625 Thaumantidos
1118 1587 1234 1634 edita,
1267 1588 1438 1625 Somnus

248 1650 378 1701 eligit;
416 1658 454 1690 et
484 1664 614 1690 rursus
644 1651 753 1690 molli
782 1653 969 1702 languore
998 1653 1148 1691 solutus

248 1715 513 1767 deposuitque
542 1724 670 1767 caput,
703 1724 903 1767 stratoque
933 1717 1153 1756 recondidit
1182 1720 1272 1756 alto.

250 1781 313 1820 ille
344 1782 448 1819 volat
478 1782 607 1819 nullos
637 1781 820 1832 strepitus
851 1782 1086 1821 facientibus
1115 1783 1185 1820 alis
1516 1789 1584 1830 650

250 1860 318 1897 per
348 1847 541 1893 tenebras,
573 1846 752 1897 intraque
783 1860 915 1886 morae
946 1848 1062 1886 breve
1093 1856 1248 1898 tempus
1279 1848 1318 1886 in
1348 1849 1484 1887 urbem

251 1911 426 1961 pervenit
458 1912 738 1958 Haemoniam,
771 1912 987 1963 positisque
1016 1927 1037 1951 e
1067 1926 1230 1963 corpore
1261 1914 1400 1964 pennis

251 1977 290 2015 in
320 1975 459 2014 faciem
491 1977 631 2026 Ceycis
660 1977 766 2025 abit;
806 1985 1041 2028 sumptaque
1072 1980 1192 2029 figura

251 2043 411 2088 luridus,
443 2042 612 2080 exanimi
642 2042 791 2089 similis,
823 2043 907 2082 sine
937 2043 1110 2082 vestibus
1141 2044 1239 2091 ullis,

251 2106 430 2155 coniugis
459 2115 551 2145 ante
580 2115 708 2145 torum
741 2108 904 2147 miserae
933 2108 1049 2147 stetit.
1110 2110 1187 2147 uda
1217 2109 1370 2148 videtur
1517 2118 1583 2158 655

254 2172 374 2210 barba
405 2171 484 2219 viri,
517 2172 766 2222 madidisque
794 2173 919 2223 gravis
951 2175 1068 2212 fluere
1098 2175 1204 2212 unda
1234 2175 1394 2225 capillis.

254 2245 336 2275 tum
367 2238 469 2276 lecto
500 2237 746 2284 incumbens,
779 2240 868 2277 fletu
901 2253 1017 2289 super
1045 2253 1112 2277 ora
1142 2241 1282 2286 refuso,

255 2303 351 2341 haec
380 2302 457 2340 ait:
500 2303 702 2353 ‘agnoscis
732 2305 874 2354 Ceyca,
907 2303 1079 2342 iscrrima
1109 2305 1313 2343 coniunx?

254 2381 304 2407 an
336 2381 421 2407 mea
454 2376 601 2408 mutata
630 2377 688 2409 est
718 2370 835 2408 facies
866 2370 992 2408 nece?
1029 2369 1204 2419 respice3
1250 2384 1402 2417 nosces,
