1747 2742
376 135 418 172 M
426 133 933 174 ETAMORPHOSEON
968 136 1072 173 LIB.
1106 136 1162 173 XI

105 243 362 295 inveniesque
390 251 459 283 tuo
488 257 559 295 pro
588 243 756 294 coniuge
784 243 962 295 coniugis
991 245 1182 283 umbram.
1368 251 1436 284 660

106 309 160 348 nil
189 309 286 360 opis,
318 311 508 360 Alcyone,
540 309 655 348 nobis
685 318 752 348 tua
781 318 872 348 vota
900 311 1098 348 tulerunt:

106 375 335 414 occidimus.
395 376 492 413 salso
522 374 593 413 tibi
623 388 686 414 me
715 375 942 425 promittere
971 375 1062 413 noli.

106 440 265 478 nubilus
295 442 455 489 Aegaeo
485 439 694 490 deprendit
723 439 762 477 in
791 453 963 490 aequore
993 454 1133 478 navem

108 507 262 552 Auster,
293 513 331 544 et
361 505 507 555 ingenti
538 505 721 543 iactatam
752 505 910 544 flamine
939 505 1064 551 solvit,

106 584 253 621 oraque
282 578 425 617 nostra,
457 578 568 609 tuum
598 571 737 609 frustra
765 571 976 609 clamantia
1004 584 1166 617 nomen,
1373 577 1435 620 665

106 636 318 686 implerunt
347 637 499 674 fluctus.
559 649 640 674 non
669 637 767 675 haec
796 635 867 674 tibi
896 635 1050 674 nuntiat
1077 645 1214 674 auctor

106 701 326 751 ambiguus,
358 714 439 739 non
469 700 544 739 ista
571 700 678 750 vagis
707 700 929 739 rumoribus
958 702 1071 739 audis
1087 715 1096 747 ;

106 766 190 817 ipse
215 779 289 817 ego
317 767 395 804 fata
423 766 495 805 tibi
524 779 708 816 praesens
738 779 825 805 mea
855 768 1063 816 naufragus
1092 767 1180 805 edo.

106 845 230 882 surge,
261 845 343 882 age,
375 832 427 870 da
454 830 645 878 lacrimas,
677 831 934 882 lugubriaque
964 831 1096 878 indue,
1126 844 1200 870 nec
1231 845 1294 870 me

107 897 397 947 indeploratum
428 896 502 934 sub
531 895 663 934 inania
691 898 853 935 Tartara
883 896 1018 935 mitte.'
1374 904 1439 945 670

106 961 226 1001 adicit
255 961 316 1000 his
345 974 483 1000 vocem
515 962 745 1011 Morpheus,
776 975 896 1011 quam
926 961 1103 1011 coniugis
1133 961 1196 999 illa

106 1028 282 1066 crederet
311 1040 396 1066 esse
425 1026 496 1067 sui.
554 1027 668 1066 fletus
697 1040 857 1077 quoque
886 1028 1050 1066 fundere
1081 1040 1192 1065 veros

107 1093 212 1132 visus
241 1100 333 1139 erat,
363 1099 598 1142 gestumque
628 1105 768 1130 manus
798 1092 938 1143 Ceycis
969 1092 1150 1131 habebat.

109 1157 271 1209 ingemit
299 1159 490 1207 Alcyone,
522 1157 702 1196 lacrimas
732 1166 864 1196 movet
893 1165 1013 1208 atque
1041 1159 1208 1196 lacertos

109 1236 177 1272 per
205 1235 401 1268 somnum,
433 1234 656 1272 corpusque
686 1217 824 1271 petens
853 1221 1102 1272 amplectitur
1130 1235 1254 1268 auras,
1376 1227 1440 1268 ⁶75

108 1289 380 1337 exclamatque
412 1289 564 1325 ‘mane
624 1300 704 1337 quo
734 1294 772 1325 te
801 1286 935 1336 rapis?
972 1286 1116 1324 ibimus
1147 1289 1249 1325 una.'

109 1365 207 1390 voce
235 1365 306 1390 sua
335 1351 546 1402 specieque
575 1351 644 1390 viri
674 1352 828 1390 turbata
858 1365 1040 1402 soporem

109 1417 270 1464 excutit,
300 1425 338 1455 et
369 1416 508 1467 primo,
540 1416 571 1454 si
601 1416 660 1463 sit,
692 1416 969 1467 circumspicit,
1001 1416 1090 1464 illic,

109 1481 177 1530 qui
208 1482 328 1519 modo
359 1482 463 1519 visus
493 1489 585 1520 erat.
644 1495 735 1519 nam
768 1481 864 1519 moti
894 1495 990 1520 voce
1021 1481 1185 1519 ministri

110 1545 320 1584 intulerant
349 1548 494 1585 lumen.
554 1554 765 1597 postquam
795 1560 876 1585 non
906 1546 1055 1585 invenit
1084 1560 1263 1596 usquam,
1377 1551 1444 1583 680

111 1610 277 1660 percutit
307 1624 374 1649 ora
403 1624 537 1659 manu,
567 1611 767 1662 laniatque
795 1625 818 1650 a
848 1619 1007 1661 pectore
1036 1620 1174 1657 vestes,

110 1682 348 1725 pectoraque
379 1675 462 1726 ipsa
491 1676 588 1714 ferit.
648 1689 720 1715 nec
750 1676 876 1714 crines
906 1677 1055 1715 solvere
1085 1684 1204 1723 curat,

111 1739 267 1787 scindit,
298 1748 336 1778 et
365 1740 502 1788 altrici,
533 1754 636 1791 quae
665 1742 793 1779 luctus
823 1755 951 1788 causa,
984 1741 1133 1791 roganti

113 1806 245 1843 ‘nulla
274 1813 333 1844 est
363 1807 551 1855 Alcyone,
584 1807 691 1844 nulla
720 1808 802 1845 est'
831 1806 895 1845 ait.
957 1806 1124 1845 ‘occidit
1154 1820 1232 1845 una

111 1883 202 1908 cum
233 1870 364 1920 Ceyce
393 1884 477 1909 suo.
536 1871 702 1910 solantia
732 1871 856 1910 tollite
884 1872 1014 1911 verba.
1380 1879 1443 1920 685

111 1936 320 1986 naufragus
349 1935 504 1975 interiit.
563 1935 642 1975 vidi
671 1937 894 1987 agnovique
924 1950 1144 1987 manusque

110 2001 163 2039 ad
192 2000 478 2048 discedentem,
510 2001 674 2052 cupiens
704 2001 881 2049 retinere,
913 2002 1075 2040 tetendi.

112 2066 252 2104 umbra
281 2065 363 2104 suit.
422 2067 492 2105 sed
522 2074 561 2105 et
590 2067 730 2105 umbra
759 2075 892 2105 tamen
923 2067 1129 2106 manifesta
1158 2066 1308 2117 virique

112 2144 202 2170 vera
231 2130 319 2170 mei.
379 2144 460 2170 non
489 2131 553 2170 ille
583 2131 757 2182 quidem,
789 2131 821 2170 si
849 2132 1017 2182 quaeris,
1046 2132 1218 2171 habebat

111 2197 299 2234 adsuetos
327 2196 457 2234 vultus
486 2209 572 2243 nec,
603 2210 684 2246 quo
713 2196 830 2247 prius,
861 2209 929 2235 ore
957 2197 1118 2235 nitebat.
1379 2203 1446 2244 690

112 2261 326 2310 pallentem
355 2261 588 2310 nudumque
616 2268 655 2300 et
682 2262 814 2300 adhuc
844 2269 1005 2301 umente
1033 2261 1176 2312 capillo

115 2324 250 2364 infelix
277 2324 369 2363 vidi.
427 2327 534 2364 stetit
563 2327 640 2365 hoc
670 2325 901 2365 miserabilis
930 2326 1016 2377 ipso

111 2403 206 2430 ecce
235 2390 346 2428 loco'
376 2398 414 2428 et
442 2390 594 2440 quaerit
624 2390 787 2441 vestigia
815 2390 928 2441 siqua
956 2391 1163 2442 supersint.
