1747 2742
643 100 685 136 P.
718 99 882 137 OVIDI
914 99 1153 137 NASONIS

229 208 411 247 Lucifero
439 208 615 259 genitore
644 215 765 255 satus,
794 208 1046 259 patriumque
1075 208 1246 247 nitorem

228 287 295 313 ore
324 276 450 313 ferens
482 275 599 324 Ceyx.
658 273 726 312 illo
756 273 822 324 qui
852 281 1030 324 tempore
1059 282 1231 313 maestus

228 339 508 390 dissimilisque
538 339 597 377 sui
626 339 782 377 fratrem
813 339 972 389 lugebat
1001 340 1243 390 ademptum.

228 418 308 454 quo
337 412 549 455 postquam
579 404 774 442 Aeacides
805 405 930 443 fessus
959 417 1132 455 curaque
1161 405 1304 455 viaque

228 469 345 516 venit,
378 477 416 509 et
445 469 601 508 intravit
631 469 767 519 paucis
797 469 1081 508 comitantibus
1111 470 1262 517 urbem,
1497 486 1559 518 ²75

229 548 408 586 quosque
438 548 572 585 greges
601 547 804 584 pecorum,
834 547 935 585 quae
964 547 1099 573 secum
1130 541 1308 574 armenta
1336 535 1526 582 trahebat,

229 602 336 648 haud
365 601 502 651 procul
531 613 554 638 a
583 599 703 638 muris
733 600 807 639 sub
837 612 961 650 opaca
990 601 1089 639 valle
1118 600 1284 651 reliquit,

228 665 344 716 copia
373 679 463 704 curn
494 666 597 704 facta
626 672 684 704 est
712 664 888 704 adeundi
917 665 1044 716 prima
1072 665 1236 716 tyranni,

228 732 451 770 velamenta
479 743 600 769 manu
630 732 893 781 praetendens
923 731 1113 782 supplice,
1145 731 1213 782 qui
1243 730 1291 770 sit

228 809 388 846 quoque
418 803 524 835 satus
554 803 772 844 memorat;
814 803 968 835 tantum
999 809 1070 835 sua
1099 795 1264 835 crimina
1293 797 1404 843 celat,
1498 804 1561 834 280

229 862 495 912 mentiturque
524 863 638 912 fugae
668 873 827 899 causam
842 876 853 910 3
891 861 988 912 petit
1018 862 1114 901 urbe
1144 863 1204 901 vel
1233 874 1326 911 agro

229 940 270 966 se
299 926 415 966 iuvet.
475 928 582 965 hunc
611 933 748 965 contra
776 926 936 977 placido
965 926 1201 966 Trachinius
1231 940 1298 966 ore

228 992 372 1031 talibus
401 991 650 1042 adloquitur:
692 991 871 1031 ‘mediae
900 1005 1062 1043 quoque
1091 994 1304 1032 commoda
1332 992 1438 1043 plebi

228 1065 362 1096 nostra
390 1064 538 1108 patent,
570 1058 702 1105 Peleu,
734 1070 808 1095 nec
838 1057 1038 1108 inhospita
1067 1071 1187 1108 regna
1218 1065 1410 1097 tenemus.

228 1122 352 1162 adicis
380 1123 474 1161 huic
502 1122 636 1161 animo
666 1130 870 1161 momenta
898 1123 1086 1174 potentia,
1118 1125 1265 1162 clarum
1501 1131 1562 1170 ²85

228 1202 376 1227 nomen
406 1201 604 1238 avumque
635 1189 785 1227 Iovem.
845 1201 895 1228 ne
924 1195 1102 1239 tempora
1132 1190 1253 1239 perde
1282 1190 1506 1239 precando:

227 1255 336 1305 quod
366 1253 481 1304 petis,
510 1267 630 1292 omne
659 1255 785 1301 feres;
823 1261 969 1305 tuaque
999 1255 1097 1293 haec
1127 1268 1198 1306 pro
1227 1263 1336 1305 parte
1365 1262 1517 1302 vocato,

228 1318 533 1369 qualiacumque
561 1318 684 1357 vides.
742 1319 893 1358 utinam
924 1319 1085 1358 meliora
1115 1319 1291 1359 videres!

228 1392 267 1423 et
296 1385 427 1423 flebat.
487 1391 643 1422 moveat
672 1391 802 1422 tantos
832 1397 934 1435 quae
963 1398 1082 1423 causa
1110 1386 1279 1432 dolores,

229 1450 451 1499 Peleusque
480 1448 727 1499 comitesque
756 1457 904 1500 rogant.
964 1450 1108 1500 quibus
1138 1450 1202 1489 ille
1232 1452 1429 1502 profatur:
1498 1468 1562 1500 ²90

229 1514 414 1553 ‘forsitan
444 1515 546 1553 hanc
576 1516 789 1562 volucrem,
822 1522 933 1566 rapto
963 1528 1065 1566 quae
1094 1515 1187 1555 vivit
1217 1524 1255 1555 et
1285 1529 1424 1556 omnes

228 1587 345 1618 terret
374 1593 476 1627 aves,
508 1593 663 1631 semper
693 1593 842 1631 pennas
872 1581 1058 1620 habuisse
1088 1581 1244 1632 putetis.
1499 1599 1559 1631 292

228 1647 344 1684 frater
374 1653 455 1684 erat
485 1645 673 1696 belloque
703 1647 810 1685 ferox
839 1647 889 1685 ad
920 1646 1078 1697 vimque
1108 1654 1276 1698 paratus,
1501 1665 1560 1697 ²94

229 1711 391 1750 nomine
422 1710 659 1758 Daedalion,
691 1711 757 1750 illo
786 1711 963 1761 genitore
992 1719 1156 1758 creatus,
1499 1731 1561 1763 ²95

229 1776 296 1826 qui
326 1783 440 1815 vocat
470 1778 663 1814 Auroram
694 1777 884 1827 caeloque
914 1776 1152 1815 novissimus
1182 1776 1270 1816 exit.

228 1842 333 1880 culta
363 1840 459 1879 mihi
489 1854 564 1891 pax
593 1847 662 1887 est,
694 1840 802 1891 pacis
833 1841 930 1879 mihi
960 1855 1052 1880 cura
1082 1843 1278 1881 tenendae

228 1905 480 1956 coniugiique
510 1905 609 1953 suit3
647 1905 752 1944 fratri
783 1907 862 1945 fera
893 1907 995 1945 bella
1025 1908 1247 1957 placebant.

229 1971 331 2010 illius
361 1970 481 2009 virtus
512 1984 621 2021 reges
651 1979 868 2021 gentesque
898 1972 1064 2023 subegit,

230 2049 331 2086 quae
361 2049 467 2074 nunc
497 2035 717 2074 Thisbaeas
746 2036 865 2087 agitat
897 2045 1045 2075 mutata
1075 2038 1292 2076 columbas.
1501 2055 1563 2085 3c0

231 2109 322 2139 nata
351 2109 431 2140 erat
461 2101 553 2140 huic
583 2101 751 2148 Chione,
783 2115 885 2152 quae
914 2102 1160 2142 dotatissima
1189 2104 1313 2142 forma

232 2166 337 2205 mille
366 2180 507 2216 procos
537 2166 685 2212 habuit,
718 2166 777 2205 bis
807 2175 958 2217 septem
989 2168 1134 2206 nubilis
1163 2168 1286 2207 annis.
1497 2186 1559 2215 ,γη

230 2296 326 2346 quid
357 2295 554 2346 peperisse
583 2297 684 2335 duos
715 2304 751 2335 et
782 2297 842 2335 dis
873 2297 1066 2347 placuisse
1095 2299 1253 2337 duobus
1498 2309 1559 2347 ,μή

231 2368 268 2401 ct
299 2360 383 2398 sorti
415 2361 590 2409 genitore
620 2368 658 2400 et
688 2361 936 2412 progenitore
965 2361 1104 2401 nitenti
