1747 2742
376 112 932 153 METAMORPHOSEON
971 115 1022 151 LI
1031 115 1072 151 B.
1105 114 1163 151 XI

105 231 143 262 et
172 223 352 272 lacrimis,
383 224 614 276 animasque
643 225 742 263 duas
771 232 813 262 ut
843 231 968 263 servet
998 223 1037 262 in
1067 236 1155 262 una.

105 289 300 329 Aeacides
330 290 407 329 illi:
449 291 669 341 ‘pulchros,
699 289 844 341 regina,
874 289 1042 340 piosque

105 367 209 406 pone
238 363 391 404 metus:
429 357 546 406 plena
575 364 634 395 est
661 354 843 407 promissi
872 354 994 405 gratia
1022 354 1151 393 vestri,

103 433 184 458 non
213 421 342 471 placet
371 434 480 459 arma
510 421 605 460 mihi
635 429 772 460 contra
801 433 903 459 nova
933 428 1107 458 monstra
1138 419 1308 458 moveri:

103 498 252 524 numen
280 487 527 525 adorandum
557 485 684 537 pelagi
713 487 796 525 est.'
853 493 934 524 erat
963 485 1086 523 ardua
1115 485 1241 523 turris.

101 563 190 590 arce
219 552 362 601 pharus
392 565 560 599 summa,
589 551 700 590 fessis
730 552 817 590 loca
845 558 952 601 grata
981 549 1135 589 carinis.

100 617 350 656 adscendunt
379 617 482 663 illue,
515 625 735 668 stratosque
763 616 804 655 in
833 615 946 655 litore
976 624 1107 654 tauros

101 695 193 720 cum
221 682 370 732 gemitu
399 682 634 733 adspiciunt,
666 690 983 732 vastatoremque
1013 689 1176 720 cruento

101 759 168 785 ore
196 748 334 794 ferum,
365 749 504 798 longos
533 748 722 787 infectum
753 747 942 798 sanguine
971 747 1094 785 villos.

101 812 195 852 inde
223 825 363 852 manus
393 815 561 852 tendens
592 813 631 852 in
659 813 783 864 aperti
813 813 926 852 litora
955 812 1077 863 ponti,

101 879 321 918 caeruleam
352 879 492 918 Peleus
523 880 761 918 Psamathen
791 886 833 916 ut
862 877 972 917 finiat
1001 877 1097 916 iram

101 951 186 983 orat
214 957 413 995 opemque
442 946 549 984 ferat.
608 957 682 983 nec
712 943 875 983 vocibus
905 943 970 982 illa
999 943 1170 994 rogantis

103 1009 273 1049 flectitur
301 1010 524 1049 Aeacidae:
563 1010 702 1050 Thetis
731 1011 834 1049 hanc
863 1023 934 1061 pro
964 1010 1132 1059 coniuge
1162 1011 1326 1060 supplex

100 1075 254 1126 accepit
283 1075 450 1115 veniam.
509 1076 580 1115 sed
609 1075 714 1114 enim
744 1082 948 1114 revocatus
978 1075 1018 1113 in
1047 1075 1125 1113 acri

102 1140 224 1180 caede
253 1141 368 1192 lupus
397 1148 552 1192 perstat,
585 1140 798 1181 dulcedine
827 1140 1027 1191 sanguinis
1055 1153 1192 1191 asper-3

101 1206 231 1245 donec
259 1206 528 1246 inhaerentem
559 1208 709 1246 lacerae
738 1206 889 1245 cervice
918 1205 1107 1244 iuvencae

102 1284 296 1310 marmore
325 1271 501 1310 mutavit.
558 1284 711 1322 corpuS,
743 1279 974 1322 praeterque
1002 1272 1175 1310 colorem

102 1336 247 1384 omnia,
280 1337 469 1376 servavit:
509 1337 650 1388 lapidis
680 1338 789 1376 color
818 1336 978 1384 indicat,
1010 1336 1120 1375 illum

103 1401 180 1440 iam
210 1415 290 1441 non
319 1415 405 1442 esse
434 1404 583 1454 lupum,
615 1403 692 1442 iarn
723 1415 804 1441 non
834 1402 979 1442 debere
1008 1403 1148 1441 timeri.

103 1480 176 1507 nec
205 1476 338 1507 tamen
368 1469 442 1507 hac
471 1470 681 1519 profugum
711 1469 926 1508 consistere
956 1469 1074 1507 Pelea
1102 1476 1201 1506 terra

100 1533 179 1571 fata
208 1535 364 1573 sinunt:
405 1535 613 1584 Magnetas
641 1535 724 1572 adit
752 1547 872 1584 vagus
902 1535 1002 1581 exul,
1034 1541 1072 1572 et
1100 1533 1178 1572 illic

101 1598 220 1636 sumit
248 1599 300 1637 ab
330 1599 559 1638 Haemonio
588 1599 819 1650 purgamina
847 1599 979 1638 caedis
1008 1601 1168 1637 Acasto.

158 1665 314 1704 Interea
342 1665 546 1715 fratrisque
577 1665 636 1703 sui
667 1666 904 1715 fratremque
935 1663 1078 1703 secutis

100 1729 215 1768 anxia
243 1729 430 1780 prodigiis
460 1730 638 1768 turbatus
666 1737 825 1780 pectora
855 1730 974 1779 Ceyx,

101 1796 282 1834 consulat
311 1803 353 1834 ut
382 1809 525 1843 sacras,
553 1796 759 1835 hominum
790 1795 1044 1842 oblenimina‚
1076 1803 1210 1841 sortes,

101 1861 153 1899 ad
183 1859 359 1900 Clarium
390 1869 499 1912 parat
529 1860 583 1900 ire
612 1861 743 1900 deum.
802 1874 894 1899 nam
926 1861 1074 1912 templa
1103 1861 1289 1911 profanus

103 1925 206 1964 invia
234 1939 325 1964 curn
357 1926 539 1977 Phlegyis
568 1925 736 1965 faciebat
767 1927 963 1976 Delphica
993 1925 1180 1964 Phorbas.

102 1991 255 2030 consilii
285 1999 417 2030 tamen
447 1999 538 2031 ante
568 1991 640 2040 sui,
672 1991 872 2038 fidissima,
905 1999 1051 2030 certam

102 2065 141 2096 te
169 2056 272 2104 facit,
303 2058 494 2107 Alcyone.
550 2057 613 2096 cui
643 2057 822 2108 protinus
853 2056 991 2095 intima
1020 2056 1138 2106 frigus

101 2134 191 2160 ossa
221 2129 465 2173 receperunt,
497 2122 683 2173 buxoque
712 2122 934 2161 simillimus
964 2135 1030 2160 ora

101 2187 226 2237 pallor
255 2187 351 2235 obit,
383 2186 634 2238 lacrimisque
662 2200 787 2238 genae
817 2188 1004 2226 maduere
1033 2186 1211 2237 profusis.

102 2259 159 2291 ter
187 2260 329 2291 conata
358 2252 466 2303 loqui
496 2261 554 2291 ter
582 2253 740 2292 fletibus
769 2266 836 2292 ora
865 2252 1011 2303 rigavit,

102 2317 355 2368 singultuque
383 2317 468 2368 pias
497 2319 806 2369 interrumpente
835 2319 1028 2369 querellas

102 2385 229 2432 ‘quae
258 2395 346 2421 mea
376 2384 491 2433 culpa
521 2385 650 2422 tuam'
680 2383 777 2422 dixit
809 2383 1040 2431 ‘carissime,
1072 2390 1245 2422 mentem

1367 371 1432 402 390

1368 697 1428 729 305

1365 1025 1431 1056 400

1366 1352 1430 1383 405

1364 1679 1430 1711 4¹0

1365 2006 1428 2039 415

1365 2332 1432 2364 420
