1747 2742
650 102 693 142 P.
725 105 890 144 OVIDI
922 103 1163 144 NASONIS

241 210 334 254 inde
363 215 574 255 cruentatis
603 223 804 255 vertuntur
833 215 873 255 in
903 217 1063 267 Orphea
1092 216 1236 256 dextris

242 286 280 318 et
308 287 454 319 coeunt
483 287 525 319 ut
554 294 655 328 aves,
688 280 719 319 si
750 281 911 332 quando
941 282 1029 320 luce
1058 289 1265 333 vagantem

241 344 368 384 noctis
397 358 510 384 avem
541 353 717 385 cernunt.
776 353 1004 396 structoque
1034 346 1232 398 utrimque
1260 348 1413 386 theatro
1532 363 1569 395 ²5

241 423 313 449 ceu
344 409 536 449 matutina
564 424 702 449 cervus
732 410 925 461 periturus
955 412 1101 450 harena

240 476 386 524 praeda
415 489 557 514 canum
588 484 656 523 est,
689 483 900 526 vatemque
929 483 1069 526 petunt
1099 484 1137 514 et
1167 477 1306 515 fronde
1335 475 1504 516 virentes

240 539 442 578 coniciunt
471 541 635 590 thyrsos,
667 553 748 579 non
779 542 876 579 haec
905 540 945 578 in
976 554 1140 579 munera
1169 542 1319 589 factos;

240 605 315 643 hae
343 605 511 656 glaebas,
544 605 632 644 illae
662 605 836 656 direptos
867 606 1006 645 arbore
1035 619 1174 653 ramos,

240 683 328 720 pars
357 677 542 721 torquent
571 670 711 709 silices.
770 684 847 709 neu
878 670 1008 709 desint
1037 672 1114 709 tela
1143 670 1271 718 furori,
1531 685 1574 716 30

240 735 339 774 forte
369 735 490 774 boves
519 749 654 786 presso
684 735 920 786 subigebant
949 749 1107 775 vomere
1137 744 1291 785 terram,

239 813 312 839 nec
342 802 478 850 procul
508 800 600 840 hinc
631 802 755 840 multo
785 802 953 839 fructum
984 802 1128 840 sudore
1157 810 1337 852 parantes

239 866 337 904 dura
365 865 545 905 lacertosi
574 866 779 905 fodiebant
809 880 899 905 arva
928 866 1070 905 coloni.

238 930 395 981 agmine
424 931 490 981 qui
520 931 604 970 viso
634 931 798 982 fugiunt,
830 931 1037 982 operisque
1068 931 1293 983 relinquunt

238 1009 348 1035 arma
375 995 446 1044 sui,
478 1010 703 1047 vacuosque
733 996 862 1036 iacent
892 997 1067 1048 dispersa
1098 1011 1165 1048 per
1193 1011 1306 1048 agros
1532 1015 1571 1047 35

239 1062 468 1112 sarculaque
498 1061 688 1112 rastrique
716 1075 851 1113 graves
881 1061 1067 1113 longique
1095 1062 1258 1113 ligones.

239 1140 341 1177 quae
370 1134 581 1178 postquam
611 1141 773 1178 rapuere
804 1129 918 1175 ferae,
950 1141 1153 1178 cornuque
1184 1127 1357 1168 minaces

238 1190 433 1231 divulsere
462 1192 595 1239 boves,
625 1193 675 1231 ad
706 1192 803 1231 vatis
833 1193 912 1231 fata
940 1200 1142 1231 recurrunt
1157 1207 1166 1241 3

221 1255 551 1307 'tendentemque
581 1271 720 1296 manus
750 1265 869 1308 atque
899 1257 966 1297 illo
996 1265 1173 1309 tempore
1203 1258 1372 1310 primum

237 1321 353 1360 inrita
381 1321 580 1361 dicentem
611 1337 684 1362 nec
714 1322 926 1374 quicquam
957 1336 1055 1362 voce
1085 1332 1310 1363 moventem
1530 1340 1572 1372 40

239 1387 448 1438 sacrilegae
478 1388 701 1439 perimunt3
739 1402 887 1440 perque
917 1404 972 1437 OS,
1004 1403 1075 1440 pro
1107 1390 1294 1441 Iuppiter,
1327 1389 1423 1429 illud

238 1452 417 1492 auditum
449 1453 548 1492 saxis
578 1453 903 1505 intellectumque
933 1455 1101 1493 ferarum

239 1518 419 1558 sensibus
449 1518 488 1557 in
518 1527 657 1558 ventos
685 1520 817 1558 anima
846 1520 1024 1558 exhalata
1053 1520 1222 1560 recessit.

292 1586 351 1623 Te
382 1592 554 1624 maestae
582 1586 771 1631 volucres,
804 1586 978 1635 Orphea,
1012 1593 1049 1623 te
1079 1586 1192 1624 turba
1221 1587 1399 1629 ferarum,

239 1656 276 1688 te
306 1648 418 1700 rigidi
448 1649 586 1698 silices,
618 1657 656 1689 te
686 1649 859 1688 carmina
888 1664 1005 1700 saepe
1035 1658 1192 1689 secutae
1530 1667 1571 1699 ⁴5

239 1716 428 1754 fleverunt
459 1714 588 1762 silvae,
622 1715 760 1766 positis
791 1723 828 1754 te
860 1715 1065 1755 frondibus
1095 1717 1210 1756 arbor

240 1788 353 1819 tonsa
382 1793 538 1819 comam
570 1781 676 1820 luxit.
736 1781 905 1820 lacrimis
935 1795 1095 1832 quoque
1126 1781 1289 1820 flumina
1318 1783 1456 1821 dicunt

240 1845 448 1885 increvisse
479 1846 568 1893 suis,
602 1847 850 1896 obscuraque
880 1847 1041 1885 carbasa
1073 1848 1180 1897 pullo

240 1911 390 1950 Naides
420 1919 457 1950 et
489 1913 667 1961 Dryades
698 1925 914 1962 passosque
946 1912 1118 1951 habuere
1148 1912 1322 1963 capillos.

241 1977 418 2015 membra
447 1975 576 2015 iacent
607 1976 759 2015 diversa
789 1976 895 2016 loeis.
956 1985 1084 2027 caput,
1119 1977 1267 2024 Hebre,
1300 1979 1500 2029 lyramque
1533 1994 1574 2026 50

240 2041 410 2092 excipis:
449 2049 487 2080 et
517 2041 696 2092 (mirum)
729 2042 860 2081 medio
890 2043 985 2081 dum
1018 2042 1159 2081 labitur
1188 2057 1315 2089 amne„

241 2107 370 2147 flebile
401 2107 634 2159 nescioquid
666 2108 839 2158 queritur
869 2110 959 2158 lyra,
992 2108 1121 2147 flebile
1151 2108 1281 2159 lingua

241 2182 455 2212 murmurat
485 2173 686 2220 exanimis,
719 2175 959 2224 respondent
989 2173 1118 2213 flebile
1149 2175 1265 2225 ripae.

240 2238 398 2289 iamque
430 2253 534 2277 mare
565 2239 741 2278 invectae
772 2240 918 2278 flumen
950 2240 1140 2290 populare
1169 2239 1404 2290 relinquunt,

239 2312 276 2342 et
310 2305 614 2354 Methymnaeae
644 2304 846 2355 potiuntur
875 2304 986 2343 litore
1019 2305 1148 2343 Lesbi.
1532 2323 1572 2353 55

239 2369 301 2408 hic
334 2371 435 2408 serus
465 2370 684 2420 expositum
718 2369 928 2421 peregrinis
957 2372 1094 2421 anguis
1125 2370 1279 2409 harenis
