1747 2742
382 140 425 177 M
433 139 939 178 ETAMORPHOSEON
973 139 1077 176 LIB.
1109 138 1167 174 XI

112 247 168 287 sic
196 249 246 287 ad
277 262 352 296 me,
383 247 615 296 miserande,
647 247 805 287 redis?’
838 248 902 286 ait.
961 247 1116 287 adiacet
1145 246 1261 285 undis

111 315 213 352 sacta
243 327 361 352 manu
391 315 527 361 moles,
558 327 659 364 quae
689 313 832 365 primas
860 313 1042 364 aequoris
1071 312 1145 351 iras

112 378 251 430 frangit
280 387 318 418 et
348 378 525 418 incursus
555 393 656 430 quae
686 381 949 430 praedelassat
977 392 1179 429 aquarum.

112 443 231 483 insilit
261 445 349 483 huc.
409 443 630 494 mirumque
660 443 732 482 fuit
761 444 965 495 potuisse?
1002 444 1170 490 volabat,

112 509 414 561 percutiensque
443 511 568 548 levem
600 511 722 549 modo
751 509 851 548 natis
880 523 969 548 aera
998 508 1149 560 pennis,

112 575 326 626 stringebat
355 588 528 613 summas
557 576 637 613 ales
668 574 898 614 miserabilis
928 575 1066 613 undas.

112 641 290 691 dumque
319 641 434 687 volat,
466 648 618 680 maesto
647 640 815 679 similem
845 642 1089 690 plenumque
1118 640 1313 689 querellae

113 719 180 744 ora
209 707 355 744 dedere
385 719 525 744 sonum
557 705 666 744 tenui
697 705 928 756 crepitantia
957 713 1091 744 rostro.

113 779 155 809 ut
184 785 276 810 vero
306 770 430 821 tetigit
461 779 613 809 mutum
645 779 682 810 et
712 771 796 810 sine
826 770 1016 822 sanguine
1046 783 1199 820 corpus,

113 836 278 875 dilectos
307 845 412 874 artus
441 837 622 887 amplexa
651 837 874 875 recentibus
903 836 973 875 alis

112 901 251 952 frigida
279 901 521 952 nequiquam
551 903 650 940 duro
680 901 790 941 dedit
819 903 953 940 oscula
983 909 1118 940 rostro.

113 967 277 1006 senserit
304 968 382 1006 hoc
411 968 519 1016 Ceyx
547 981 598 1005 an
628 968 778 1005 vultum
810 967 982 1006 motibus
1013 967 1143 1005 undae

114 1034 248 1072 tollere
278 1032 326 1071 sit
354 1032 474 1080 visus,
503 1034 673 1084 populus
704 1032 912 1072 dubitabat
928 1048 937 1081 3
976 1041 1014 1072 at
1044 1032 1107 1071 ille

114 1106 298 1138 senserat.
357 1106 395 1137 et
424 1099 595 1145 tandem,
629 1097 777 1148 superis
808 1097 1095 1144 miserantibus,
1127 1096 1246 1135 ambo

112 1164 204 1204 alite
233 1171 443 1202 mutantur.
502 1162 589 1201 fatis
619 1162 814 1202 obnoxius
842 1162 967 1202 isdem

114 1238 208 1268 tunc
238 1243 398 1280 quoque
428 1228 571 1267 mansit
600 1242 720 1275 amor,
753 1242 826 1267 nec
856 1228 1076 1278 coniugiale
1106 1228 1278 1265 solutum

114 1296 254 1335 foedus
283 1295 323 1333 in
352 1293 520 1333 alitibus.
580 1302 726 1332 coeunt
757 1295 935 1343 fiuntque
964 1300 1155 1344 parentes.

115 1374 262 1411 perque
291 1359 375 1399 dies
404 1359 582 1410 placidos
614 1359 780 1398 hiberno
808 1367 986 1409 ternpore
1015 1366 1166 1409 septem

114 1426 276 1465 incubat
306 1427 484 1475 Alcyone
514 1424 781 1476 pendentibus
810 1438 981 1474 aequore
1011 1424 1124 1463 nidis.

115 1500 209 1530 tunc
239 1491 338 1530 iacet
367 1491 475 1529 unda
505 1490 620 1529 maris
636 1505 646 1538 3
684 1498 822 1528 ventos
852 1489 1024 1529 custodit
1053 1497 1091 1528 et
1121 1497 1225 1528 arcet

114 1558 263 1596 Aeolus
293 1569 461 1607 egressu,
492 1563 741 1606 praestatque
771 1555 982 1606 nepotibus
1011 1568 1168 1605 aequor.

169 1624 258 1660 Hos
287 1621 429 1672 aliquis
459 1620 589 1660 senior
618 1621 782 1659 iunctim
814 1622 909 1659 freta
939 1622 1016 1659 lata
1045 1621 1223 1659 volantes

114 1696 276 1739 spectat,
307 1695 345 1726 et
373 1688 425 1726 ad
455 1687 574 1725 finem
605 1694 777 1725 servatos
808 1687 942 1724 laudat
970 1699 1134 1724 amores.

115 1753 325 1805 proximus,
356 1760 423 1791 aut
452 1751 569 1798 idem,
602 1751 630 1789 si
663 1753 740 1790 fors
770 1751 868 1798 tulit,
903 1751 988 1789 ‘hic
1017 1752 1202 1801 quoque‚’
1231 1749 1327 1789 dixit

117 1823 258 1869 ‘quem
290 1831 395 1856 mare
424 1824 650 1868 carpentem
681 1816 968 1867 substrictaque
997 1830 1108 1855 crura
1135 1824 1334 1867 gerentem

114 1883 307 1935 adspicis’
335 1883 566 1935 (ostendens
595 1882 811 1933 spatiosum
841 1882 880 1920 in
910 1890 1066 1932 guttura
1095 1882 1301 1933 mergum),

119 1949 244 2000 ‘regia
273 1948 489 2000 progenies.
548 1956 649 1995 sunt,
681 1947 712 1987 si
741 1949 982 1987 descendere
1011 1949 1062 1987 ad
1091 1947 1218 1998 ipsum

116 2015 254 2054 ordine
283 2022 474 2065 perpetuo
503 2014 668 2064 quaeris,
700 2021 790 2052 sunt
820 2013 936 2052 huius
965 2013 1074 2063 origo

119 2082 201 2119 Ilus
229 2088 268 2119 et
298 2082 510 2119 Assaracus
539 2087 752 2130 raptusque
783 2078 867 2117 Iovi
897 2079 1150 2128 Ganymedes

120 2146 431 2195 Laomedonque
461 2158 579 2183 senex
611 2144 867 2194 Priamusque
897 2143 1109 2182 novissima
1138 2142 1279 2182 Troiae

119 2219 295 2261 tempora
324 2210 507 2255 sortitus;
546 2211 660 2248 frater
689 2209 760 2247 suit
792 2208 978 2248 Hectoris
1008 2208 1090 2247 iste.

118 2275 185 2326 qui
217 2274 288 2313 nisi
320 2274 504 2313 sensisset
533 2275 658 2325 prima
688 2288 789 2313 nova
819 2275 896 2312 fata
926 2273 1093 2319 iuventa,

119 2340 278 2379 forsitan
309 2339 468 2379 inferius
498 2354 578 2378 non
610 2342 786 2379 Hectore
816 2353 961 2378 nomen
993 2339 1164 2386 liaberet,

120 2405 298 2457 quamvis
328 2413 386 2444 est
416 2405 523 2443 illurn
555 2406 683 2455 proles
713 2405 826 2444 enixa
861 2404 1078 2455 Dymantis,

1381 390 1442 424 730

1383 2027 1446 2061 755
1493 2057 1498 2061 .
