1747 2742
652 111 693 148 P.
727 110 891 150 OVIDI
923 109 1162 149 NASONIS

239 222 429 261 ruricolae
459 233 597 271 cepere
627 221 809 270 Phryges,
841 219 1096 270 vinctumque
1124 219 1280 259 coronis

239 287 290 326 ad
319 299 449 337 regem
480 286 626 325 duxere
656 284 811 333 Midan,
840 285 902 323 cui
932 283 1124 323 Thracius
1153 284 1337 335 Orpheus

239 350 346 402 orgia
375 350 587 390 tradiderat
615 363 706 389 cum
737 350 932 400 Cecropio
962 350 1173 400 Eumolpo.

240 416 307 467 qui
337 416 453 455 simul
482 417 640 466 agnovit
669 417 820 454 socium
851 415 1117 465 comitemque
1147 428 1358 461 sacrorum,

240 481 405 532 hospitis
433 482 606 520 adventu
639 481 782 520 festum
812 480 1014 531 genialiter
1043 480 1120 530 egit

240 561 308 598 per
337 546 397 586 bis
427 545 603 597 quinque
632 546 717 585 dies
747 553 785 584 et
816 547 968 584 iunctas
997 544 1136 583 ordine
1166 553 1314 584 noctes.

240 620 278 651 et
307 611 385 650 iam
415 612 613 651 stellarum
643 610 812 650 sublime
841 619 1023 661 coegerat
1051 623 1193 660 agmen

241 677 398 716 Lucifer
426 676 672 723 undecimus,
706 677 840 725 Lydos
870 689 960 714 curn
991 676 1115 714 laetus
1144 674 1185 713 in
1214 688 1328 725 agros

240 757 306 782 rex
333 743 451 789 venit,
483 749 521 780 et
549 741 681 780 iuveni
712 741 888 780 Silenum
919 740 1048 780 reddit
1076 742 1251 779 alumno.

240 807 332 846 huic
362 808 460 846 deus
489 807 653 858 optandi
682 814 846 857 gratum,
879 807 949 845 sed
978 805 1129 854 inutile,
1159 805 1250 844 fecit

241 874 413 912 muneris
441 871 656 918 arbitrium,
687 872 865 922 gaudens
894 873 1017 910 altore
1047 879 1218 921 recepto.

240 938 315 986 ille,
347 939 450 977 male
478 951 619 976 usurus
649 937 776 985 donis,
807 936 861 976 ait
893 938 1028 976 ‘effice
1058 936 1249 987 quicquid

240 1018 404 1056 corpore
433 1003 634 1054 contigero
664 1005 814 1042 fulvum
844 1011 1015 1042 vertatur
1043 1003 1083 1041 in
1113 1004 1277 1041 aurum.’

239 1069 378 1109 adnuit
407 1070 561 1120 optatis,
593 1068 851 1118 nocituraque
881 1081 1044 1107 munera
1073 1067 1187 1107 solvit

242 1135 371 1183 Liber,
402 1143 441 1174 et
470 1133 650 1182 indoluit,
682 1135 791 1184 quod
820 1147 900 1172 non
932 1135 1094 1172 meliora
1122 1133 1294 1184 petisset.

240 1200 364 1239 laetus
393 1199 475 1238 abit
503 1199 727 1250 gaudetque
757 1199 862 1237 malo
892 1199 1146 1248 Berecyntius
1176 1199 1302 1244 heros,

241 1264 486 1317 pollicitique
516 1265 635 1304 fidem
664 1265 866 1315 tangendo
896 1263 1049 1315 singula
1078 1271 1255 1315 temptat.

241 1331 384 1381 vixque
413 1329 488 1369 sibi
517 1331 694 1377 credens,
726 1343 806 1369 non
836 1330 914 1368 alta
944 1330 1084 1369 fronde
1113 1328 1303 1368 virentem

241 1396 328 1436 ilice
358 1395 523 1435 detraxit
552 1395 722 1446 virgam:
762 1394 867 1445 virga
895 1407 1013 1433 aurea
1043 1396 1144 1433 sacta
1172 1402 1241 1433 est.

242 1463 343 1501 tollit
372 1462 495 1500 humo
525 1473 688 1499 saxum:
729 1473 864 1498 saxum
895 1472 1055 1510 quoque
1085 1459 1222 1510 palluit
1251 1472 1358 1498 auro.

241 1527 405 1578 contigit
435 1534 473 1565 et
501 1526 709 1577 glaebam:
750 1532 935 1564 contactu
965 1525 1103 1575 glaeba
1133 1526 1284 1574 potenti

242 1605 372 1631 massa
400 1593 452 1630 fit.
511 1598 665 1631 arentes
695 1590 848 1631 Cereris
877 1589 1073 1641 decerpsit
1101 1589 1260 1629 aristas:

242 1671 359 1697 aurea
388 1658 526 1696 messis
556 1665 648 1696 erat.
705 1658 911 1707 dempturn
942 1663 1050 1695 tenet
1078 1655 1217 1695 arbore
1247 1669 1435 1707 pomum:

245 1723 488 1774 Hesperidas
519 1723 689 1762 donasse
718 1729 842 1772 putes.
902 1720 933 1760 si
963 1720 1142 1771 postibus
1171 1720 1258 1759 altis

243 1789 419 1828 admovit
448 1787 602 1838 digitos,
633 1795 765 1837 postes
796 1786 945 1826 radiare
974 1785 1166 1825 videntur.

242 1854 306 1893 ille
335 1853 453 1892 etiam
483 1852 642 1903 liquidis
671 1853 821 1904 palmas
850 1851 918 1891 ubi
949 1852 1092 1890 laverat
1122 1851 1250 1898 undis,

243 1919 351 1957 unda
380 1919 506 1957 fluens
535 1917 675 1968 palmis
707 1919 872 1956 Danaen
903 1917 1061 1956 eludere
1092 1924 1235 1967 posset.

244 1986 306 2023 vix
335 1997 424 2034 spes
454 1984 536 2033 ipse
567 1996 655 2021 suas
685 1984 818 2022 animo
847 1981 962 2033 capit,
993 1995 1111 2020 aurea
1140 1983 1292 2031 fingens

245 2050 390 2088 onmia.
448 2049 635 2099 gaudenti
667 2061 822 2087 mensas
851 2060 1018 2098 posuere
1048 2047 1212 2086 ministri

244 2122 459 2155 exstructas
488 2113 657 2164 dapibus
687 2126 760 2152 nec
790 2121 915 2152 tostae
946 2112 1063 2163 frugis
1092 2122 1276 2163 egentes:

245 2189 328 2219 tum
358 2193 460 2226 vero,
492 2178 572 2219 sive
603 2180 665 2218 ille
696 2192 765 2218 sua
794 2178 972 2219 Cerealia
1001 2179 1135 2217 dextra

248 2259 409 2285 munera
438 2244 666 2293 contigerat,
699 2243 875 2285 Cerealia
904 2244 1010 2283 dona
1039 2243 1228 2294 rigebant,

248 2313 328 2350 sive
358 2312 480 2361 dapes
510 2309 626 2349 avido
655 2311 875 2349 convellere
905 2309 1024 2348 dente
1054 2309 1226 2359 parabat,

247 2377 437 2416 lammina
467 2376 570 2414 fulva
600 2376 733 2426 dapes,
765 2376 928 2414 admoto
957 2375 1088 2421 dente,
1120 2376 1334 2425 premebat.

1528 496 1571 527 95

1511 821 1574 843 100

1465 1147 1470 1152 ·
1512 1149 1572 1181 ¹05

1514 1474 1576 1497 110

1517 1800 1576 1831 ¹¹5

1517 2129 1578 2153 120
