1747 2742
386 108 429 144 M
437 107 945 146 ETAMORPHOSEON
978 107 1082 144 LIB.
1114 106 1173 143 XI

114 229 202 255 esse
230 223 354 254 satam
384 217 574 266 prodest?
611 229 662 255 an
691 216 805 254 obest
835 229 995 265 quoque
1023 214 1145 265 gloria
1174 214 1336 252 multis?
1381 229 1444 260 320

115 281 243 320 obfuit
273 281 364 319 huie
394 288 511 327 certe,
543 294 644 331 quae
674 294 715 320 se
744 282 936 331 praeferre
971 280 1122 318 Dianae

116 346 310 392 sustinuit,
343 346 564 396 faciemque
593 348 693 385 deae
722 346 904 396 culpavit.
963 354 1001 384 at
1031 346 1084 383 illi

117 411 171 449 ira
200 413 307 450 ferox
336 420 443 450 mota
472 419 530 450 est
562 411 741 450 “sactis''
770 425 848 461 que
881 411 1159 461 “placebimus
1174 411 1192 426 '’
1222 409 1358 458 inquit.

116 489 190 515 nec
220 490 342 525 mora,
370 477 544 515 curvavit
573 490 696 516 cornu
726 490 926 526 nervoque
956 476 1136 526 sagittam

115 541 270 592 impulit
299 550 338 581 et
368 542 546 581 meritam
577 542 726 581 traiecit
755 542 976 581 harundine
1006 542 1191 591 linguam.
1380 555 1441 586 325

113 606 246 657 lingua
274 615 388 654 tacet,
420 621 494 647 nee
523 621 598 647 vox
626 615 896 658 temptataque
925 607 1043 646 verba
1072 612 1299 656 sequuntur,

114 682 407 723 conantemque
436 673 545 724 loqui
575 687 666 712 cum
696 673 885 724 sanguine
915 672 993 711 vita
1021 671 1187 722 reliquit.

114 751 233 788 quam
264 738 381 778 miser
407 740 636 790 amplexans
664 752 738 789 ego
767 747 850 777 tum
880 747 1099 789 patruoque
1127 738 1305 776 dolorem

114 804 234 842 corde
263 803 346 851 tuli,
376 803 561 854 fratrique
590 804 656 854 pio
686 803 831 843 solacia
860 803 972 852 misi;

113 881 215 918 quae
243 876 353 919 pater
381 869 489 908 haud
517 869 628 909 aliter
656 882 776 919 quarn
805 877 940 908 cautes
969 882 1169 907 murmura
1198 866 1309 918 ponti
1379 882 1443 914 330

113 933 266 984 accipit,
298 942 336 973 et
365 942 498 973 natam
527 936 816 974 delamentatur
844 935 1082 985 ademptam.

114 1006 156 1038 ut
185 1012 277 1039 vero
305 1001 510 1039 ardentem
540 1000 648 1047 vidit,
680 1009 819 1051 quater
847 1000 1017 1051 impetus
1047 999 1101 1038 illi

114 1064 154 1102 in
185 1064 338 1104 medios
366 1065 438 1104 suit
467 1065 522 1105 ire
551 1079 665 1116 rogos
680 1081 690 1114 3
729 1074 866 1116 quater
895 1066 988 1104 inde
1017 1065 1195 1115 repulsus

114 1130 270 1169 concita
300 1132 477 1170 membra
506 1132 620 1181 fugae
650 1133 822 1177 mandat,
855 1130 1072 1181 similisque
1101 1130 1269 1168 iuvenco

113 1197 264 1247 spicula
292 1198 530 1236 crabronum
559 1211 692 1248 pressa
720 1198 872 1237 cervice
900 1197 1060 1247 gerenti,
1379 1211 1440 1243 335

113 1275 192 1312 qua
220 1263 282 1301 via
310 1265 428 1310 nulla,
459 1263 544 1302 ruit.
604 1263 681 1302 iam
711 1272 795 1302 tum
826 1263 922 1302 mihi
951 1276 1103 1302 currere
1132 1262 1236 1300 visus

113 1329 202 1377 plus
230 1327 394 1367 homine
423 1335 492 1374 est,
523 1329 685 1378 alasque
714 1329 836 1379 pedes
866 1327 1081 1378 sumpsisse
1110 1335 1279 1377 putares.

113 1379 248 1443 effugi't
276 1405 368 1443 ergo
397 1406 546 1440 omnes,
577 1394 770 1444 veloxque
799 1393 986 1444 cupidine
1015 1393 1082 1432 leti

112 1456 257 1496 vertice
287 1457 446 1496 Parnasi
475 1458 633 1509 potitur.
693 1458 898 1497 miseratus
927 1459 1086 1509 Apollo,

112 1536 204 1561 cum
234 1535 276 1562 se
307 1523 529 1562 Daedalion
559 1537 652 1562 saxo
682 1523 851 1563 misisset
878 1524 929 1563 ab
958 1525 1052 1571 alto,
1381 1538 1443 1570 340

112 1587 204 1626 fecit
232 1600 346 1627 avem
375 1596 413 1627 et
443 1588 581 1627 subitis
611 1590 853 1639 pendentem
883 1588 1038 1627 sustulit
1066 1588 1147 1635 alis,

113 1665 261 1702 oraque
289 1652 446 1691 adunca
474 1653 596 1699 dedit,
627 1666 766 1692 curvos
795 1651 906 1692 dedit
935 1652 1133 1703 unguibus
1162 1653 1313 1698 hamos,

114 1717 297 1755 virtutem
326 1717 543 1768 antiquam,
575 1718 742 1757 maiores
772 1731 935 1769 corpore
965 1717 1074 1756 vires.

113 1789 152 1820 et
182 1795 288 1821 nunc
316 1782 514 1833 accipiter,
545 1783 642 1822 nulli
671 1783 763 1822 satis
791 1796 956 1833 aequus,
985 1782 1024 1821 in
1054 1796 1192 1822 omnes

113 1847 237 1887 saevit
264 1861 367 1895 aves,
399 1847 564 1899 aliisque
594 1849 734 1888 dolens
764 1849 806 1887 fit
835 1861 953 1888 causa
982 1848 1169 1887 dolendi.'
1380 1864 1440 1896 345

168 1913 283 1962 Quae
311 1913 407 1952 dum
439 1913 622 1953 Lucifero
649 1913 805 1964 genitus
834 1913 1021 1952 miracula
1050 1921 1177 1952 narrat

112 1977 164 2016 de
192 1985 374 2017 consorte
404 1991 486 2025 suo,
517 1991 632 2018 cursu
663 1978 827 2018 festinus
855 1979 1000 2017 anhelo

112 2043 271 2082 advolat
299 2043 466 2082 armenti
495 2052 628 2083 custos
658 2045 839 2084 Phoceus
869 2046 1031 2091 Anet0r‚

113 2115 152 2146 et
184 2108 338 2155 ‘Peleu‚
371 2109 502 2155 Peleu,
535 2121 700 2160 magnae
729 2108 800 2148 tibi
830 2109 990 2148 nuntius
1020 2110 1161 2148 adsum

113 2172 258 2211 cladis’
286 2172 349 2212 ait.
409 2175 692 2225 quodcumque
721 2175 828 2222 serat,
860 2174 969 2213 iubet
998 2175 1115 2214 edere
1146 2175 1296 2214 Peleus.
1376 2191 1441 2223 350

113 2238 260 2288 pendet
289 2245 327 2276 et
356 2237 440 2288 ipse
469 2247 576 2278 metu
606 2238 748 2290 trepidi
777 2239 1011 2278 Trachinius
1040 2239 1127 2278 oris.

111 2302 177 2342 ille
205 2303 343 2342 refert:
385 2304 529 2342 ‘fessos
557 2305 609 2344 ad
637 2303 750 2343 litora
778 2317 896 2344 curva
925 2304 1112 2344 iuvencos

111 2367 352 2417 adpuleram,
384 2367 517 2407 medio
546 2382 636 2407 cum
667 2370 733 2408 Sol
762 2369 974 2409 altissimus
1004 2370 1099 2409 orbe
