1747 2742
411 110 966 150 METAMORPHOSEON
1003 112 1107 150 LIB.
1139 113 1198 150 XI

137 219 277 258 obruta
305 218 424 258 verba
453 219 581 267 refert,
610 218 843 270 dominique
872 219 1047 271 coarguit
1075 233 1198 260 aures,

190 283 306 323 Vltus
334 283 416 323 abit
444 285 602 332 Tmolo,
634 284 910 336 liquidumque
938 298 1007 336 per
1035 299 1123 325 aera
1153 294 1287 325 vectus

135 357 345 401 angustum
375 351 470 388 citra
499 358 666 401 pontum
698 350 968 401 Nepheleidos
999 351 1137 390 Helles
1406 368 1465 400 ¹95

138 414 446 455 Laomedonteis
476 414 637 454 Latoius
665 415 815 454 adstitit
842 415 954 454 arvis.

135 482 294 520 dextera
323 479 438 531 Sigei,
471 480 642 520 Rhoetei
670 482 780 520 laeva
808 481 994 532 profundi

134 559 200 585 ara
230 547 513 597 Panomphaeo
542 554 653 586 vetus
684 554 742 585 est
771 554 921 585 sacrata
950 546 1134 586 Tonanti.

135 611 228 651 inde
257 624 383 651 novae
411 611 581 663 primum
611 612 738 651 moliri
768 613 926 652 moenia
956 611 1099 651 Troiae
1365 658 1371 665 ἡ

135 678 409 717 Laomedonta
438 677 555 725 videt,
587 685 851 729 susceptaque
880 690 1022 728 magna
1051 677 1185 717 labore
1403 695 1465 717 200

133 754 307 782 crescere
336 742 494 789 difficili,
527 755 600 782 nec
631 755 726 793 opes
756 755 968 794 exposcere
997 755 1158 793 parvas:

132 819 304 859 cumque
333 807 586 858 tridentigero
616 807 758 848 tumidi
786 808 962 858 genitore
991 808 1176 859 profundi

132 873 337 912 mortalem
367 873 543 912 induitur
571 874 735 912 formam
768 872 1038 924 Phrygiaeque
1068 881 1234 923 tyranno

131 937 313 977 aedificat
343 951 488 987 muros,
518 946 656 989 pactus
686 951 756 988 pro
786 938 997 977 moenibus
1027 951 1176 977 aurum.

131 1003 258 1042 stabat
287 1016 411 1055 opus:
451 1003 618 1054 pretium
649 1016 714 1042 rex
743 1003 941 1051 infitiatur,
974 1011 1011 1043 et
1041 1003 1162 1050 addit,
1402 1022 1459 1053 205

131 1068 318 1119 perfidiae
347 1069 561 1116 cumulum,
593 1068 698 1107 falsis
729 1067 896 1120 periuria
924 1067 1063 1108 verbis.

133 1137 235 1173 ‘non
265 1133 428 1184 impune
457 1133 578 1173 feres’
608 1142 734 1173 rector
764 1133 880 1173 maris
910 1133 1048 1184 inquit,
1081 1141 1118 1172 et
1148 1146 1286 1172 omnes

130 1198 331 1238 inclinavit
359 1212 482 1250 aquas
511 1200 563 1239 ad
591 1212 729 1239 avarae
759 1198 872 1239 litora
901 1199 1053 1239 Troiae.

129 1264 250 1315 inque
278 1264 363 1303 freti
392 1265 559 1304 formam
588 1272 707 1304 terras
737 1264 959 1315 complevit,
991 1277 1167 1315 opesque

130 1330 291 1369 abstulit
319 1329 498 1381 agricolis
527 1338 566 1369 et
595 1330 780 1369 fluctibus
809 1331 939 1369 obruit
969 1342 1092 1381 agros.
1397 1347 1460 1370 210

128 1407 258 1445 poena
287 1407 417 1446 neque
445 1396 543 1435 haec
573 1395 664 1434 satis
695 1403 753 1435 est
770 1411 781 1445 ;
819 1395 918 1446 regis
948 1408 1108 1446 quoque
1138 1395 1216 1434 filia
1246 1403 1421 1434 monstro

128 1460 301 1511 poscitur
328 1473 537 1512 aequoreo.
595 1475 714 1512 quarn
744 1462 841 1500 dura
869 1462 920 1500 ad
950 1474 1041 1500 saxa
1070 1462 1283 1501 revinctam

126 1526 299 1566 vindicat
327 1526 499 1575 Alcides,
529 1526 800 1578 promissaque
830 1539 992 1566 munera
1020 1526 1107 1566 dios

126 1593 253 1643 poscit
282 1605 434 1643 equos;
471 1592 648 1644 tantique
677 1592 805 1643 operis
837 1593 1018 1631 mercede
1047 1600 1187 1643 negata

127 1656 186 1696 bis
214 1657 367 1708 periura
396 1658 500 1708 capit
529 1665 734 1708 superatae
764 1658 922 1696 moenia
951 1656 1104 1696 Troiae.
1393 1672 1455 1704 215

126 1733 200 1761 nec
228 1734 316 1773 pars
346 1721 518 1769 militiae,
549 1723 754 1770 Telamon,
787 1722 871 1762 sine
900 1723 1051 1761 honore
1081 1721 1252 1769 recessit,

128 1786 387 1838 Hesioneque
416 1788 507 1826 data
535 1786 692 1838 potitur.
752 1800 844 1826 nam
873 1786 1041 1837 coniuge
1072 1787 1212 1826 Peleus

124 1853 250 1891 clarus
280 1859 361 1892 erat
390 1852 490 1891 diva.
551 1865 624 1892 nec
652 1852 713 1890 avi
744 1851 867 1902 magis
897 1852 962 1891 ille
991 1851 1166 1902 superbit

125 1919 286 1957 nornine
315 1930 434 1969 quarn
465 1917 588 1957 soceri
604 1932 614 1966 3
652 1917 847 1968 siquidem
880 1918 986 1956 Iovis
1015 1930 1100 1956 esse
1131 1916 1264 1966 nepoti

125 1982 288 2033 contigit
317 1983 424 2022 haud
453 1982 534 2031 uni,
565 1982 736 2022 coniunx
765 1983 840 2022 dea
869 1983 1033 2033 contigit
1063 1981 1140 2020 uni.
1391 1997 1454 2020 220

180 2113 287 2153 Felix
316 2121 354 2152 et
383 2120 488 2161 nato,
520 2113 611 2152 felix
640 2121 678 2152 et
707 2113 874 2164 coniuge
906 2114 1056 2159 Peleus,
1388 2118 1451 2150 2⁶6

124 2187 162 2218 et
191 2177 266 2226 cui,
297 2177 329 2217 si
358 2179 494 2218 demas
523 2177 685 2229 iugulati
715 2177 878 2216 crimina
909 2177 1044 2224 Phoci,

123 2243 257 2282 omnia
286 2243 540 2294 contigerant.
600 2244 770 2282 fraterno
800 2242 990 2293 sanguine
1020 2250 1174 2282 sontem

123 2309 410 2359 expulsumque
438 2308 560 2346 domo
589 2307 712 2358 patria
741 2307 953 2346 Trachinia
982 2308 1097 2346 tellus

123 2373 278 2424 accipit.
336 2372 399 2411 hic
429 2386 592 2424 regnum
622 2372 707 2412 sine
735 2372 784 2420 vi,
816 2372 899 2412 sine
928 2373 1050 2411 caede
1080 2372 1237 2422 regebat
1388 2388 1451 2422 ²70
