1747 2742
388 105 945 145 METAMORPHOSEON
981 107 1084 144 LIB.
1116 107 1176 144 XI

113 216 318 268 aptarique
347 216 426 256 suis
456 217 594 268 pinum
624 216 732 256 iubet
761 217 1025 257 armamentis.

115 296 194 333 qua
222 295 352 321 rursus
381 281 474 329 visa,
506 282 626 321 veluti
656 295 842 333 praesaga
870 282 998 330 futuri,

114 347 264 387 horruit
293 349 473 397 Alcyone
502 347 761 398 lacrimasque
791 347 921 387 emisit
949 348 1120 394 obortas,

113 413 397 463 amplexusque
427 411 548 460 dedit,
580 412 758 463 tristique
788 411 1004 451 miserrima
1032 413 1193 451 tandem

114 491 181 517 ore
213 479 341 516 ‘vale'
370 477 478 522 dixit,
508 479 762 528 ‚collapsaque
792 490 955 528 corpore
984 485 1068 516 toto
1098 485 1168 516 est.
1378 483 1445 525 460

113 553 173 582 ast
202 542 374 590 iuvenes,
406 549 620 593 quaerente
649 555 777 581 moras
808 543 952 592 Ceyce,
980 543 1175 582 reducunt

114 607 320 647 ordinibus
349 607 516 658 geminis
545 608 596 646 ad
625 607 739 646 fortia
768 615 928 658 pectora
956 621 1097 655 remos,

113 672 348 724 aequalique
378 673 458 711 ictu
487 672 674 712 scindunt
703 674 811 712 freta.
869 673 1025 712 sustulit
1054 672 1119 712 illa

114 746 295 777 umentes
324 727 473 785 oculos,
505 745 755 788 stantemque
784 738 824 776 in
853 751 986 789 puppe
1015 751 1175 777 recurva

113 816 386 854 concussaque
416 817 535 842 manu
565 804 727 842 dantem
756 803 831 843 sibi
859 803 969 855 signa
999 803 1180 842 maritum
1377 810 1444 851 465

114 869 239 920 prima
267 868 374 908 videt
403 868 611 919 redditque
641 877 765 908 notas.
825 868 894 908 ubi
922 877 1022 908 terra
1050 869 1210 908 recessit

113 934 279 985 longius,
310 942 429 984 atque
459 933 563 973 oculi
591 942 794 984 nequeunt
823 947 1061 985 cognoscere
1090 936 1230 982 vultus,

113 999 209 1038 dum
239 998 341 1046 licet,
371 998 591 1049 insequitur
618 999 833 1049 fugientem
862 999 1011 1038 lumine
1039 999 1189 1050 pinum.

114 1065 212 1104 haec
241 1077 400 1115 quoque
431 1072 473 1102 ut
501 1065 608 1103 haud
637 1072 800 1115 poterat,
829 1064 956 1115 spatio
986 1064 1181 1112 submota,
1213 1064 1347 1111 videri,

113 1131 200 1169 vela
229 1138 360 1169 tamen
391 1136 541 1180 spectat
570 1142 728 1169 summo
757 1129 949 1168 fluitantia
978 1131 1095 1169 malo.
1379 1144 1444 1179 470

114 1203 157 1234 ut
186 1208 259 1234 nec
287 1195 374 1233 vela
401 1194 520 1242 videt,
550 1208 716 1233 vacuum
748 1195 844 1245 petit
872 1194 987 1233 anxia
1014 1196 1172 1242 lectum,

114 1274 235 1311 seque
265 1267 350 1299 toro
379 1259 503 1310 ponit.
561 1268 723 1299 renovat
751 1262 955 1311 lectusque
985 1261 1174 1311 locusque

114 1327 317 1376 Alcyonae
347 1325 538 1372 lacrimas,
571 1334 608 1364 et
638 1339 739 1376 quae
769 1339 867 1376 pars,
899 1327 1100 1373 admonet,
1130 1325 1244 1364 absit.

169 1391 352 1430 Portibus
382 1390 566 1438 exierant,
598 1399 637 1430 et
667 1399 842 1430 moverat
871 1404 964 1430 aura
994 1392 1203 1430 rudentes:

114 1455 282 1495 obvertit
310 1457 419 1495 lateri
449 1457 670 1506 pendentes
700 1457 831 1495 navita
859 1470 1000 1504 remos,
1379 1470 1443 1504 475

113 1535 340 1572 cornuaque
370 1521 409 1560 in
440 1535 595 1560 summa
624 1524 728 1561 locat
757 1523 907 1570 arbore,
940 1530 1102 1573 totaque
1133 1523 1237 1561 malo

115 1587 276 1626 carbasa
304 1587 467 1626 deducit
497 1587 779 1638 venientesque
809 1587 951 1638 accipit
980 1601 1104 1626 auras.

113 1661 181 1691 aut
211 1652 352 1699 minus,
383 1660 450 1691 aut
478 1660 582 1691 certe
612 1653 788 1691 medium
819 1666 899 1692 non
928 1652 1097 1703 amplius
1125 1666 1274 1703 aequor

116 1731 248 1768 puppe
277 1718 494 1764 secabatur,
526 1719 723 1768 longeque
752 1725 832 1757 erat
862 1725 1026 1768 utraque
1056 1719 1181 1764 tellus,

116 1797 206 1822 cum
237 1797 343 1822 mare
373 1783 446 1821 sub
476 1791 635 1822 noctem
666 1782 827 1821 tumidis
856 1783 1055 1822 albescere
1084 1782 1215 1833 coepit
1379 1790 1445 1831 480

116 1848 300 1887 fluctibus
330 1856 368 1887 et
396 1861 584 1898 praeceps
613 1847 757 1898 spirare
786 1847 979 1887 valentius
1009 1849 1149 1887 Eurus.

118 1914 263 1953 ‘ardua
291 1913 524 1952 iamdudum
554 1913 750 1952 demittite
779 1915 947 1952 cornua'
977 1921 1103 1952 rector

116 1981 259 2018 clamat
288 1981 350 2017 ‘et
379 1978 575 2018 antemnis
604 1986 731 2017 totum
761 1978 983 2018 subnectite
1011 1980 1168 2017 velum.’

117 2044 182 2083 hic
210 2044 342 2083 iubet:
381 2043 605 2094 impediunt
632 2045 819 2083 adversae
848 2043 953 2083 iussa
981 2045 1186 2094 procellae,

116 2124 190 2149 nec
219 2109 311 2148 sinit
339 2109 464 2148 audiri
493 2123 631 2148 vocem
662 2110 788 2160 fragor
815 2109 997 2160 aequoris
1027 2111 1157 2147 ullam.
1376 2117 1441 2158 485

118 2183 258 2226 sponte
287 2182 421 2214 tamen
450 2182 660 2225 properant
688 2174 753 2212 alii
783 2175 1004 2214 subducere
1033 2188 1174 2221 remos,

118 2255 206 2292 pars
235 2240 388 2279 munire
417 2241 529 2287 latus,
559 2253 648 2290 pars
677 2239 803 2279 ventis
832 2241 918 2279 vela
947 2253 1099 2290 negare,

118 2303 238 2355 egerit
266 2304 331 2343 hic
360 2306 512 2351 fluctus,
543 2318 771 2355 aequorque
800 2304 972 2343 refundit
1001 2304 1040 2342 in
1069 2318 1228 2354 aequor,

119 2369 183 2408 hic
213 2369 311 2419 rapit
340 2378 558 2409 antemnas.
617 2383 719 2420 quae
747 2370 843 2408 dum
874 2369 958 2408 sine
987 2370 1072 2420 lege
1100 2377 1297 2420 geruntur,
