1747 2742
662 102 703 138 P.
735 100 900 139 OVIDI
933 100 1172 139 NASONIS

246 209 389 248 vertit?
428 209 495 248 ubi
525 216 595 257 est,
629 223 731 260 quae
761 223 853 249 cura
883 209 959 249 mei
990 209 1094 259 prior
1123 223 1210 248 esse
1240 210 1424 248 solebat?

247 274 323 312 iam
355 281 467 324 potes
497 276 677 324 Alcyone
707 288 866 314 securus
897 275 1036 313 abesse
1066 275 1230 313 relicta?

246 339 323 377 iam
354 339 415 377 via
444 340 561 390 longa
589 341 747 390 placet?
786 340 863 379 iam
893 354 979 378 sum
1011 340 1081 378 tibi
1111 340 1235 379 carior
1264 340 1436 378 absens?

246 412 296 451 at,
328 412 437 454 puto,
467 418 537 455 per
566 413 685 444 terras
715 405 786 444 iter
816 413 884 453 est,
918 413 1154 455 tantumque
1183 405 1342 452 dolebo,

247 482 328 508 non
358 471 476 508 etiarn
507 478 691 518 metuam,
724 483 919 520 curaeque
949 472 1089 509 timore
1119 470 1320 509 carebunt.

247 547 419 585 aequora
449 549 513 574 me
541 543 686 575 terrent
716 544 754 575 et
783 537 894 586 ponti
925 535 1042 574 tristis
1072 537 1213 585 imago.

247 607 286 638 et
315 601 462 639 laceras
491 614 616 651 nuper
643 601 798 640 tabulas
827 602 866 639 in
896 602 1008 640 litore
1037 600 1128 648 vidi,

246 673 285 704 et
314 678 432 716 saepe
461 667 501 704 in
531 665 691 705 tumulis
721 667 806 705 sine
835 679 999 717 corpore
1028 665 1191 704 nomina
1220 665 1305 716 legi.

246 743 346 770 neve
375 738 486 770 tuum
517 732 633 770 fallax
661 730 838 770 animum
869 730 1015 770 fiducia
1044 738 1188 782 tangat,

247 797 357 846 quod
386 809 497 836 socer
528 796 782 848 Hippotades
811 795 882 835 tibi
913 796 973 844 sit,
1005 795 1070 846 qui
1103 809 1257 835 carcere
1286 797 1405 834 fortes

246 862 447 901 contineat
477 869 625 909 ventos,
657 869 706 909 et,
739 875 829 900 cum
860 861 967 909 velit,
994 874 1166 912 aequora
1195 863 1336 911 placet.

246 940 337 966 cum
368 929 490 966 semel
519 927 652 967 emissi
682 934 892 967 tenuerunt
921 940 1094 978 aequora
1122 927 1239 973 venti,

247 992 300 1031 nil
330 992 404 1031 illis
433 992 597 1032 vetitum
627 1000 695 1039 est,
728 992 1130 1043 incommendataque
1160 994 1274 1031 tellus

246 1057 376 1096 omnis
406 1065 443 1096 et
473 1071 593 1096 omne
620 1059 774 1097 fretum.
834 1057 932 1097 caeli
962 1070 1122 1108 quoque
1153 1058 1287 1096 nubila
1317 1065 1457 1096 vexant

246 1122 528 1174 excutiuntque
557 1123 646 1162 feris
675 1123 811 1162 rutilos
841 1123 1099 1162 concursibus
1129 1123 1248 1173 ignes.

246 1202 326 1238 quo
356 1188 479 1238 magis
508 1189 581 1227 hos
610 1189 703 1228 novi
732 1189 842 1240 (nam
872 1188 964 1227 novi
994 1196 1032 1227 et
1061 1202 1179 1239 saepe
1206 1197 1367 1239 paterna

247 1267 364 1304 parva
394 1255 516 1293 domo
545 1254 654 1306 vidi),
686 1254 809 1305 magis
839 1255 916 1293 hoc
946 1267 1031 1293 reor
1060 1267 1146 1293 esse
1175 1254 1386 1293 timendos.

246 1320 355 1369 quod
385 1327 452 1358 tua
481 1319 513 1358 si
542 1319 647 1359 flecti
676 1320 859 1371 precibus
889 1319 1084 1359 sententia
1114 1319 1241 1366 nullis,

247 1397 345 1432 care,
377 1392 517 1435 potest,
550 1385 734 1433 coniunx,
765 1385 1013 1435 nimiumque
1042 1399 1083 1424 es
1113 1393 1240 1424 certus
1270 1385 1403 1432 eundi,

247 1463 310 1489 me
340 1463 500 1500 quoque
529 1452 623 1489 tolle
652 1450 780 1489 simul.
838 1458 943 1489 certe
973 1450 1205 1489 iactabimur
1234 1464 1322 1496 una,

247 1528 320 1553 nec
350 1514 424 1554 nisi
454 1528 555 1565 quae
584 1515 718 1566 patiar,
751 1523 924 1554 metuam
941 1531 951 1564 3
990 1516 1213 1567 pariterque
1243 1517 1422 1560 feremus,

246 1580 436 1631 quicquid
466 1581 564 1629 erit;
603 1581 745 1632 pariter
773 1595 889 1632 super
917 1595 1089 1632 aequora
1119 1583 1195 1620 lata
1225 1583 1415 1620 seremur.'

301 1645 466 1684 Talibus
496 1646 674 1686 Aeolidis
704 1646 819 1686 dictis
850 1646 1100 1697 lacrimisque
1131 1655 1309 1685 movetur

246 1711 420 1750 sidereus
442 1711 640 1760 coniunx;
670 1725 800 1763 neque
820 1712 925 1751 enim
947 1712 1076 1751 minor
1097 1712 1196 1762 ignis
1217 1712 1256 1750 in
1278 1711 1364 1761 ipso
1384 1718 1452 1750 est.

245 1778 316 1816 sed
346 1790 475 1828 neque
505 1777 727 1829 propositos
757 1777 884 1828 pelagi
915 1777 1111 1817 dimittere
1141 1791 1287 1823 cursus,

245 1855 318 1881 nec
348 1844 430 1881 vult
459 1845 666 1893 Alcyonen
697 1843 736 1881 in
766 1850 916 1893 partem
946 1843 1134 1882 adhibere
1164 1842 1322 1893 pericli:

246 1909 447 1958 multaque
477 1908 679 1960 respondit
710 1908 892 1948 timidum
924 1908 1090 1947 solantia
1120 1916 1268 1959 pectus

245 1986 326 2012 non
356 1981 487 2012 tamen
518 1974 666 2013 idcirco
694 1987 853 2013 causam
885 1974 1034 2025 probat.
1093 1973 1247 2013 addidit
1278 1973 1351 2011 illis

246 2039 321 2078 hoc
351 2052 512 2090 quoque
542 2039 725 2086 lenimen,
757 2052 837 2090 quo
868 2041 952 2078 solo
983 2038 1087 2078 flexit
1117 2046 1340 2077 amantem:

246 2105 383 2154 ‘longa
413 2104 575 2155 quidem
605 2113 663 2144 est
693 2104 808 2143 nobis
838 2104 967 2144 omnis
998 2117 1130 2143 mora:
1170 2105 1239 2143 scd
1270 2103 1339 2142 tibi
1371 2103 1456 2142 iuro

246 2181 314 2218 per
342 2169 488 2219 patrios
517 2169 637 2220 ignes,
669 2171 700 2208 si
730 2183 793 2209 me
824 2170 944 2209 modo
974 2170 1052 2207 sata
1081 2169 1290 2215 remittent,

244 2241 336 2273 ante
365 2247 619 2282 reversurum,
651 2247 770 2286 quam
801 2236 893 2274 luna
924 2234 982 2272 bis
1012 2234 1171 2286 impleat
1203 2236 1365 2273 orbem'

245 2298 305 2338 his
336 2299 403 2338 ubi
434 2299 634 2351 promissis
664 2313 753 2352 spes
783 2307 841 2339 est
869 2301 1030 2340 admota
1060 2313 1250 2347 recursus,

244 2363 422 2413 protinus
452 2366 636 2404 eductam
667 2365 871 2405 navalibus
900 2378 1071 2416 aequore
1101 2365 1235 2415 tingui,

1513 421 1578 453 425

1514 745 1580 777 430

1515 1072 1578 1104 435

1515 1402 1580 1432 440

1513 1728 1575 1759 445

1511 2054 1578 2086 ⁴50

1509 2382 1572 2414 ⁴55
