1747 2742
644 96 686 134 P.
719 96 816 134 OVI
825 98 883 134 DI
916 95 1156 136 NASONIS

234 206 331 244 ‘hoc
361 213 452 252 erat,
481 207 570 253 hoc,
601 205 736 245 animo
765 208 874 257 quod
904 207 1106 246 divinante
1136 207 1338 253 timebam,

231 278 268 308 et
299 284 359 317 ne,
391 284 454 309 me
484 271 650 321 fugiens,
679 279 816 311 ventos
846 286 1062 322 sequerere,
1095 274 1291 323 rogabam.
1500 279 1565 323 695

230 343 268 374 at
298 344 402 375 certe
432 338 583 384 vellem,
615 337 802 387 quoniam
834 339 1025 388 periturus
1054 338 1202 385 abibas,

232 414 294 439 me
324 414 485 452 quoque
514 403 702 441 duxisses.
763 404 929 441 multum
960 403 1031 441 fuit
1061 403 1155 442 utile
1184 412 1315 442 tecum

232 466 286 504 ire
316 466 440 515 mihi3
478 480 608 518 neque
637 467 742 506 enim
773 469 823 506 de
852 469 954 506 vitae
984 476 1161 518 tempore
1191 468 1404 519 quicquam

232 544 314 570 non
343 532 459 571 simul
489 533 670 583 egissem,
699 547 772 572 nec
803 547 906 572 mors
936 533 1104 572 discreta
1134 534 1279 573 fuisset.

232 611 338 636 nunc
366 598 510 637 absens
539 598 646 649 perii,
678 599 800 638 iactor
829 612 989 649 quoque
1020 599 1203 638 fluctibus
1233 601 1387 647 absens
1504 614 1568 648 700

232 670 270 701 et
299 662 384 701 sine
413 676 476 702 me
506 677 569 702 me
598 672 744 714 pontus
774 665 906 703 habet.
961 664 1157 703 crudelior
1186 666 1271 715 ipso

232 728 280 766 sit
311 728 407 767 mihi
436 742 548 767 mens
577 730 729 780 pelago,
761 729 791 767 si
822 729 940 768 vitam
971 731 1116 768 ducere
1146 730 1246 768 nitar

231 793 397 843 longius,
429 801 467 832 et
496 802 606 833 tanto
635 808 807 845 pugnem
838 808 1041 845 superesse
1070 797 1209 834 dolori.

232 860 303 897 sed
331 872 462 910 neque
490 859 677 909 pugnabo
707 874 780 899 nec
810 868 858 907 te,
893 860 1128 908 miserande,
1156 862 1387 911 relinquam,

232 932 270 962 et
299 923 370 963 tibi
399 937 506 962 nunc
535 926 671 964 saltem
701 925 856 964 veniam
886 939 1032 965 comes.
1092 925 1211 976 inque
1241 927 1449 976 sepulchro
1505 941 1566 975 705

232 989 263 1027 si
295 1003 374 1028 non
404 1003 511 1038 urna,
543 998 675 1029 tamen
705 991 838 1041 iunget
869 1005 941 1030 nos
970 993 1123 1039 littera3
1161 992 1192 1030 si
1224 1005 1303 1030 non

232 1055 387 1094 ossibus
416 1068 504 1094 ossa
535 1056 643 1103 meis,
673 1064 712 1095 at
741 1070 887 1095 nomen
918 1056 1079 1095 nomine
1107 1059 1290 1107 tangam?

233 1121 343 1171 plura
371 1121 485 1159 dolor
513 1121 707 1172 prohibet,
739 1123 939 1172 verboque
968 1122 1175 1161 intervenit
1205 1135 1298 1160 omn

233 1186 406 1235 plangor,
438 1193 476 1224 et
504 1186 673 1225 attonito
701 1187 869 1237 gemitus
899 1202 920 1226 e
949 1189 1068 1226 corde
1098 1188 1313 1225 trahuntur.

289 1251 410 1289 Mane
439 1258 530 1290 erat.
590 1252 786 1302 egreditur
816 1254 928 1291 tectis
957 1254 1008 1291 ad
1037 1253 1139 1300 litus,
1172 1261 1209 1291 et
1242 1254 1349 1291 illum
1504 1269 1566 1292 -ιο

234 1323 382 1354 maesta
411 1317 542 1354 locum
573 1317 722 1368 repetit,
755 1319 805 1357 (le
835 1331 914 1368 quo
944 1326 1136 1368 spectarat
1166 1326 1336 1357 euntem.

233 1383 410 1432 dumque
439 1391 612 1421 moratur
640 1383 704 1430 ibi,
737 1385 913 1434 dumque
945 1383 1033 1422 ‘hie
1063 1383 1276 1422 retinacula
1305 1384 1431 1429 solvit,

234 1449 310 1486 hoe
340 1447 435 1485 mihi
466 1447 675 1486 discedens
705 1449 815 1487 dedit
846 1450 980 1487 oscula
1010 1449 1146 1488 litore'
1176 1449 1282 1495 dicit,

234 1514 410 1563 dumque
440 1521 575 1552 notata
604 1513 700 1552 locis
730 1513 990 1553 reminiscitur
1019 1522 1119 1562 acta,
1150 1516 1371 1565 fretumque

234 1578 432 1629 prospicit,
464 1578 503 1616 in
534 1579 694 1629 liquida,
727 1579 853 1629 spatio
882 1580 1063 1626 distante,
1096 1588 1225 1618 tuetur
1503 1596 1564 1630 7¹5

234 1644 466 1694 nescioquid
497 1644 608 1694 quasi
638 1657 791 1695 corpus,
822 1658 949 1695 aqua:
990 1645 1196 1695 primoque
1226 1645 1322 1696 quid
1352 1645 1448 1685 illud

234 1718 335 1749 esset
365 1717 446 1748 erat
475 1709 687 1759 dubium,
707 1719 916 1760 postquam
947 1712 1107 1760 paulum
1138 1711 1289 1761 adpulit
1320 1713 1438 1759 unda,

234 1783 284 1823 et,
314 1775 494 1826 quamvis
522 1775 667 1822 aberat,
699 1789 841 1826 corpus
871 1784 1002 1814 tamen
1033 1790 1117 1815 esse
1147 1777 1333 1826 liquebat,

234 1841 322 1890 quis
352 1841 450 1878 foret
481 1839 675 1889 ignorans,
707 1840 799 1890 quia
830 1842 1051 1890 naufragus,
1084 1842 1217 1880 omine
1249 1849 1355 1881 mota
1384 1850 1454 1889 est,

234 1912 283 1951 et,
306 1912 507 1955 tamquam
530 1905 664 1955 ignoto
685 1905 883 1944 lacrimam
906 1907 1026 1953 daret,
1052 1910 1060 1926 ‘
1075 1907 1150 1945 heu
1174 1907 1313 1953 miser,'
1335 1906 1461 1956 inquit
1503 1921 1565 1954 7²0

238 1969 437 2020 ‘quisquis
467 1983 519 2018 es,
551 1979 589 2009 et
619 1971 730 2021 siqua
760 1979 816 2009 est
848 1970 1019 2009 coniunx
1050 1971 1143 2009 tibi'
1178 1972 1363 2010 fluctibus
1391 1981 1523 2011 actum

235 2036 276 2074 sit
307 2035 467 2086 propius
496 2049 649 2086 corpus.
709 2038 817 2087 quod
848 2050 927 2087 quo
959 2036 1080 2087 magis
1111 2038 1173 2075 illa
1204 2045 1343 2083 tuetur,

235 2102 311 2139 hoc
342 2102 471 2139 minus
501 2109 538 2140 et
569 2103 698 2140 minus
727 2110 785 2141 est
817 2103 969 2141 mentis.
1028 2104 1103 2140 iam
1133 2102 1290 2152 iamque
1319 2104 1564 2154 propinquae

234 2167 439 2204 admotum
471 2174 604 2213 terrae,
637 2167 712 2205 iam
744 2167 851 2217 quod
882 2181 1120 2216 cognoscere
1151 2176 1292 2217 posset.

236 2232 369 2271 cernit.
428 2240 507 2271 crat
538 2232 721 2271 coniunx.
784 2232 868 2271 ‘illc
898 2235 980 2271 cst’
1010 2234 1202 2271 exclamat
1232 2243 1269 2272 ct
1302 2247 1378 2272 una
1503 2250 1564 2282 525

237 2311 303 2335 ora
332 2311 466 2335 comas
495 2305 642 2337 vestem
674 2300 826 2344 lacerat,
860 2299 1106 2348 tendensque
1137 2307 1348 2338 trementes

236 2363 285 2402 ad
317 2364 447 2413 Ceyca
478 2377 616 2402 manus
649 2363 739 2410 ἐἰς
771 2378 795 2401 o
825 2363 1022 2403 carissime
1052 2364 1235 2407 coniunx,
