1747 2742
656 97 698 135 P.
730 96 827 134 OVI
836 98 894 135 DI
927 97 1166 136 NASONIS

242 213 396 245 tantum
426 205 634 257 respiceret
664 213 857 256 quantum
887 219 1092 258 superesse
1120 207 1294 256 videret:

244 283 410 322 parsque
440 271 563 310 bourn
594 271 708 310 fulvis
737 285 867 323 genua
896 271 1102 312 inclinarat
1131 274 1287 313 harenis
1510 290 1573 323 355

242 337 488 387 latarumque
517 336 649 376 iacens
679 350 843 389 campos
872 338 1079 389 spectabat
1107 351 1309 389 aquarum,

243 414 330 452 pars
358 401 544 452 gradibus
573 402 693 442 tardis
722 402 814 442 illuc
844 403 997 442 errabat
1025 410 1064 442 et
1092 403 1195 452 illuc,

242 475 338 506 nant
366 467 432 507 alii
461 469 650 519 celsoque
679 476 833 508 exstant
862 482 980 520 super
1007 482 1180 520 aequora
1209 472 1324 510 collo.

242 534 390 585 templa
419 534 515 572 mari
544 535 712 574 subsunt
740 547 814 574 nec
844 547 1038 574 marmore
1067 536 1170 574 clara
1199 549 1328 587 neque
1357 550 1463 584 auro,

242 601 312 639 sed
342 599 519 639 trabibus
548 599 682 640 densis
711 602 882 651 lucoque
912 600 1100 640 umbrosa
1128 608 1295 640 vetusto.
1510 609 1574 649 360

242 664 433 704 Nereides
464 665 698 716 Nereusque
728 673 864 705 tenent
879 680 889 714 3
928 667 1000 705 hos
1031 666 1162 705 navita
1191 667 1303 718 ponti

240 729 365 770 edidit
394 743 480 770 esse
509 731 617 778 deos,
649 732 745 770 dum
776 731 872 771 retia
901 731 1013 771 litore
1043 731 1174 771 siccat.

239 796 373 835 iuncta
401 797 513 847 palus
543 796 636 836 huic
666 804 735 845 est,
767 797 900 836 densis
930 797 1092 837 obsessa
1121 797 1276 844 salictis,

239 875 359 912 quarn
389 862 647 913 restagnantis
676 862 768 902 fecit
798 863 914 902 maris
944 864 1051 902 unda
1080 864 1278 914 paludem.

239 926 332 966 inde
361 927 512 978 fragore
539 927 645 978 gravi
675 927 884 978 strepitans
914 929 1002 967 loca
1031 928 1208 979 proxima
1237 936 1364 975 terret,
1509 936 1570 978 365

239 992 355 1031 belua
383 1000 504 1041 vasta,
534 993 660 1044 lupus,
693 993 899 1043 iuncisque
928 993 1166 1044 palustribus
1197 994 1273 1033 exit

238 1057 384 1097 oblitus
415 1065 452 1097 et
482 1058 632 1109 spumis
662 1066 700 1097 et
729 1058 856 1109 spisso
886 1059 1076 1110 sanguine
1105 1059 1223 1098 rictus

237 1122 459 1171 fulmineos,
493 1123 609 1162 rubra
638 1124 808 1162 suffusus
838 1124 988 1163 lumina
1022 1126 1191 1163 flamma.

237 1189 304 1239 qui
335 1201 577 1240 quamquam
608 1189 729 1228 saevit
759 1189 901 1240 pariter
929 1189 1117 1241 rabieque
1146 1191 1340 1241 fameque,

236 1254 362 1294 acrior
391 1262 448 1294 est
478 1254 597 1294 rabie.
657 1268 788 1306 neque
817 1255 922 1294 enirn
953 1255 1097 1295 ieiunia
1126 1264 1236 1295 curat
1508 1271 1573 1305 350

237 1320 360 1359 caede
390 1319 513 1359 boum
543 1320 748 1371 diramque
778 1322 923 1360 famem
953 1321 1075 1368 finire,
1107 1322 1177 1360 sed
1207 1333 1326 1359 omne

237 1387 414 1424 vulnerat
443 1393 677 1433 armentum,
710 1386 926 1436 sternitque
957 1386 1149 1425 hostiliter
1178 1399 1306 1425 omne.

237 1463 325 1501 pars
355 1463 515 1502 quoque
545 1452 595 1490 de
625 1451 741 1489 nobis
771 1453 928 1491 funesto
957 1452 1088 1491 saucia
1119 1465 1262 1499 morsu,

236 1517 332 1555 dum
363 1518 627 1564 defensamus,
659 1518 738 1556 leto
768 1525 826 1556 est
856 1518 957 1556 data.
1017 1517 1207 1568 sanguine
1236 1517 1326 1556 litus

236 1583 424 1632 undaque
454 1582 579 1633 prima
608 1583 721 1621 rubet
751 1582 1056 1633 demugitaeque
1086 1583 1260 1633 paludes.
1506 1599 1568 1632 37⁵

235 1648 305 1686 sed
336 1660 444 1686 mora
476 1648 669 1686 damnosa
700 1656 769 1695 est,
801 1661 875 1687 nec
905 1661 964 1687 res
994 1648 1175 1687 dubitare
1206 1648 1376 1687 remittit.

235 1714 331 1751 dum
361 1721 538 1764 superest
567 1713 727 1763 aliquid,
760 1713 891 1752 cuncti
922 1726 1108 1752 coeamus
1138 1722 1175 1752 et
1204 1727 1323 1756 arma.

234 1790 342 1816 arma
371 1790 634 1829 capessamus,
667 1778 961 1829 coniunctaque
991 1780 1067 1818 tela
1096 1780 1291 1818 feramus.'

234 1843 383 1883 dixerat
411 1844 583 1894 agrestis.
642 1857 715 1882 nec
747 1844 863 1882 Pelea
893 1844 1039 1882 damna
1070 1845 1293 1885 movebant.

233 1910 314 1957 sed,
347 1922 499 1948 mernor
526 1909 702 1955 admissi,
733 1909 905 1948 Nereida
935 1909 1081 1959 colligit
1112 1910 1248 1949 orbam
1501 1917 1566 1956 380

232 1975 378 2013 damna
408 1987 477 2013 sua
506 1974 662 2014 inferias
692 1975 885 2014 exstincto
915 1974 1068 2014 mittere
1100 1976 1245 2014 Phoco.

233 2039 395 2079 induere
424 2053 532 2078 arma
561 2039 662 2079 viros
692 2039 944 2090 violentaque
975 2053 1128 2079 sumere
1159 2042 1234 2079 tela

232 2117 297 2143 rex
326 2105 434 2144 iubet
465 2107 664 2151 Octacus;
702 2118 792 2143 cum
823 2105 910 2155 quis
941 2105 1056 2144 simul
1087 2106 1170 2156 ipsc
1200 2106 1359 2157 parabat

234 2171 296 2209 irc.
357 2172 426 2210 sed
457 2173 636 2221 Alcyone
666 2171 838 2209 coniunx
868 2170 993 2210 excita
1023 2173 1192 2210 tumultu

231 2236 380 2286 prosilit
410 2244 459 2283 et,
491 2237 670 2275 nondum
703 2244 806 2275 totos
837 2244 971 2274 ornata
1002 2236 1176 2287 capillos,
1499 2244 1561 2283 385

229 2301 358 2341 disicit
389 2302 461 2340 hos
492 2302 607 2352 ipsos,
640 2302 824 2351 colloque
855 2301 981 2340 infusa
1013 2301 1150 2345 mariti,

231 2367 357 2405 mittat
388 2375 429 2405 ut
459 2367 644 2406 auxilium
677 2367 760 2406 sinc
790 2380 844 2407 se.
874 2366 1081 2417 verbisque
1112 2375 1290 2417 precatur
