1747 2742
377 135 419 172 M
427 131 932 171 ETAMORPHOSEON
970 132 1074 169 LIB.
1106 131 1164 168 XI

163 245 232 282 Est
262 256 384 294 prope
415 242 650 282 Cimmerios
680 243 798 291 longo
827 242 1016 291 spelunca
1045 252 1211 285 recessu,

107 322 220 347 mons
249 321 379 356 cavuS,
410 307 537 357 ignavi
568 308 712 345 domus
741 314 779 344 ct
808 305 1022 357 penetralia
1051 304 1213 347 Somni;

105 387 186 424 quo
214 386 432 423 numquam
462 372 579 411 radiis
608 371 737 410 oriens
768 371 971 410 mediusve
1000 372 1195 409 cadensve

106 439 291 478 Phoebus
320 438 428 476 adire
458 446 598 488 potest.
657 437 826 476 nebulae
855 435 1020 486 caligine
1050 435 1194 473 mixtae

104 505 333 543 exhalantur
361 504 485 541 humo
513 502 739 553 dubiaeque
768 503 998 552 crepuscula
1028 501 1136 539 lucis.

104 583 184 608 non
214 569 304 619 vigil
332 570 413 607 ales
442 567 496 606 ibi
525 567 671 606 cristati
700 567 882 606 cantibus
911 568 988 605 oris

103 642 240 673 evocat
270 636 475 680 Auroram,
507 646 581 672 nec
610 645 708 672 voce
737 632 890 671 silentia
920 638 1107 682 rumpunt

102 696 306 735 sollicitive
335 709 452 734 canes
481 696 694 734 canibusve
724 694 899 745 sagacior
926 707 1040 733 anser
1055 708 1064 741 ;

102 775 182 800 non
212 763 302 808 fera,
334 774 414 799 non
444 762 629 810 pecudes,
661 773 742 799 non
772 759 868 798 moti
899 759 1056 797 flamine
1087 758 1182 797 rami

102 828 347 865 humanaeve
377 839 519 864 sonum
550 826 720 864 reddunt
750 824 928 863 convicia
958 824 1137 874 linguae:

102 900 210 931 muta
238 891 349 942 quies
379 891 540 930 habitat.
600 903 693 929 saxo
723 898 855 929 tamen
885 889 962 928 exit
991 889 1042 927 ab
1072 889 1152 927 imo

100 957 203 996 rivus
231 970 357 1007 aquae
388 958 543 1003 Lethes,
575 969 643 1006 per
671 969 791 1005 quem
821 968 912 994 cum
944 968 1142 993 murmure
1172 955 1307 992 labens

99 1022 235 1061 invitat
264 1035 426 1060 somnos
455 1020 737 1072 crepitantibus
767 1021 874 1059 unda
903 1019 1054 1070 lapillis.

98 1095 190 1126 ante
220 1089 320 1126 fores
348 1086 448 1125 antri
478 1087 648 1125 secunda
677 1098 871 1136 papavera
899 1086 1038 1123 florent

98 1153 408 1203 innumeraeque
437 1152 593 1199 herbae,
625 1164 791 1202 quarum
820 1151 871 1189 de
902 1151 1002 1188 lacte
1031 1162 1212 1200 soporem

100 1220 190 1257 Nox
218 1217 310 1268 legit
340 1226 377 1256 et
407 1216 551 1267 spargit
581 1230 649 1267 per
678 1229 821 1267 opacas
851 1215 987 1254 umida
1016 1223 1145 1253 terras.

98 1283 225 1331 ianua,
257 1296 307 1322 ne
337 1296 448 1321 verso
478 1282 662 1321 stridores
691 1281 851 1320 cardine
882 1281 1031 1327 reddat,

97 1349 204 1387 nulla
232 1349 355 1387 domo
384 1355 478 1394 tota,
509 1355 641 1386 custos
670 1346 710 1384 in
740 1345 874 1384 limine
904 1346 1045 1384 nullus.

95 1421 135 1452 at
165 1413 297 1452 medio
327 1421 435 1451 torus
465 1420 524 1451 est
553 1412 711 1450 hebeno
741 1410 919 1449 sublimis
949 1409 988 1448 in
1018 1417 1143 1456 antio,

96 1480 288 1530 plumeus,
319 1478 510 1526 unicolor,
539 1479 648 1528 pullo
676 1476 870 1516 velamine
899 1483 1053 1524 tectus;

96 1557 177 1594 quo
205 1543 324 1582 cubat
354 1543 436 1594 ipse
465 1544 563 1582 deus
593 1541 781 1581 membris
810 1543 997 1592 languore
1027 1539 1174 1579 solutis.

96 1610 202 1647 hunc
230 1609 333 1647 circa
361 1607 506 1658 passim
536 1607 660 1646 varias
690 1606 882 1645 imitantia
911 1607 1056 1644 formas

96 1673 258 1712 Somnia
286 1686 387 1712 vana
415 1672 545 1712 iacent
574 1671 755 1719 totidem,
784 1679 881 1722 quot
912 1670 1049 1709 messis
1078 1669 1225 1717 aristas,

96 1738 191 1776 silva
218 1738 314 1788 gerit
344 1738 514 1785 frondes,
545 1737 690 1776 eiectas
719 1736 810 1775 litus
839 1737 1014 1774 harenas.

95 1817 175 1854 quo
204 1803 319 1842 simul
350 1802 505 1842 intravit
535 1802 797 1852 manibusque
827 1801 1023 1840 obstantia
1053 1801 1160 1850 virgo

95 1868 256 1907 Somnia
285 1868 462 1915 dimovit,
494 1867 612 1906 vestis
641 1868 790 1917 fulgore
820 1866 958 1905 reluxit

94 1947 202 1972 sacra
231 1935 398 1972 domus:
437 1934 627 1983 tardaque
654 1933 752 1971 deus
781 1931 968 1982 gravitate
998 1931 1170 1969 iacentes

94 1998 155 2036 vix
186 2000 322 2037 oculos
352 2000 506 2046 tollens,
538 1997 759 2048 iterumque
788 1997 1010 2046 iterumque
1039 1996 1218 2035 relabens

94 2077 328 2114 summaque
357 2063 580 2114 percutiens
610 2061 763 2101 nutanti
792 2069 952 2112 pectora
981 2069 1128 2107 mento,

93 2128 262 2167 excussit
291 2129 451 2168 tandem
483 2128 556 2166 sibi
587 2141 640 2175 se,
671 2127 887 2177 cubitoque
917 2128 1078 2173 levatus,

94 2193 190 2244 quid
219 2193 349 2231 veniat
377 2192 581 2243 (cognovit
610 2192 734 2242 enim)
766 2191 935 2230 scitatur.
995 2200 1034 2230 at
1063 2191 1154 2229 illa:

96 2260 279 2305 ‘Somne,
308 2257 420 2308 quies
449 2271 588 2303 rerum,
620 2256 896 2307 placidissime,
929 2258 1087 2302 Somne,
1118 2257 1294 2302 deorum,

93 2336 168 2373 pax
195 2322 328 2368 animi,
360 2336 478 2372 quern
509 2335 601 2361 cura
630 2322 737 2372 sugit,
768 2321 834 2371 qui
865 2334 1028 2371 corpora
1057 2320 1163 2359 duris

93 2389 195 2426 sessa
224 2387 446 2425 ministeriis
476 2389 624 2426 mulces
653 2399 886 2437 reparasque
916 2385 1052 2433 labori,

137 2461 190 2483 OV.
214 2461 289 2482 ΜΕΤ.
311 2459 346 2482 XI

1366 764 1432 796 600

1366 1089 1429 1131 605

1365 1416 1429 1447 610

1361 1740 1426 1782 615

1359 2065 1426 2097 620

1357 2391 1422 2431 625
