1747 2742
679 103 721 141 P.
752 101 917 142 OVIDI
949 100 1188 141 NASONIS

272 214 423 264 gurgite
452 227 585 264 pressa
613 213 718 264 gravi
748 226 878 263 neque
907 212 947 250 in
976 225 1066 251 aera
1094 211 1249 250 reddita
1277 212 1358 249 fato

272 281 407 318 functa
436 293 508 318 suo
537 286 606 318 est.
665 278 730 317 alii
759 286 888 329 partes
917 285 955 316 et
985 277 1163 315 membra
1191 275 1345 315 carinae

272 353 409 383 trunca
437 351 583 383 tenent.
642 350 750 382 tenet
779 343 862 394 ipse
891 355 1024 391 manu,
1053 355 1132 392 qua
1159 348 1314 392 sceptra
1341 340 1505 387 solebat,
1538 345 1602 387 560

271 409 462 460 fragmina
489 408 632 459 navigii
661 409 780 458 Ceyx,
811 420 1072 457 socerumque
1101 414 1332 457 patremque

272 475 429 514 invocat
458 475 536 513 heu
565 475 715 512 frustra.
774 474 844 512 sed
873 471 1041 523 plurima
1069 470 1199 510 nantis
1228 470 1269 509 in
1298 484 1365 509 ore

273 541 452 590 Alcyone
481 539 665 578 coniunx.
724 538 831 577 illam
861 536 1122 587 meminitque
1150 538 1357 586 refertque,

272 605 374 644 illius
403 613 494 644 ante
524 605 661 644 oculos
691 611 733 642 ut
761 610 879 653 agant
908 616 978 641 sua
1006 615 1171 654 corpora
1199 603 1341 640 fluctus

272 678 393 721 optat,
425 678 464 709 et
492 669 682 709 exanimis
713 668 896 707 manibus
926 669 1141 706 tumuletur
1168 665 1316 705 amicis.

272 737 368 775 dum
399 743 517 782 natat,
549 735 770 783 absentem,
798 733 982 784 quotiens
1011 732 1103 772 sinit
1131 732 1283 771 hiscere
1311 733 1463 778 fluctus,

272 801 452 841 nominat
481 802 701 851 Alcyonen,
732 799 906 850 ipsisque
935 798 1208 837 immurmurat
1238 796 1366 835 undis.

272 880 365 905 ecce
395 879 511 917 super
540 864 694 904 medios
723 865 866 903 fluctus
896 863 1005 914 niger
1033 876 1145 902 arcus
1174 875 1365 912 aquarum

272 932 469 983 frangitur,
501 939 538 970 et
567 938 681 980 rupta
710 942 881 969 mersum
911 937 1029 979 caput
1058 927 1188 967 obruit
1218 927 1335 965 unda.

274 997 430 1036 Lucifer
459 996 661 1043 obscurus,
693 1007 767 1033 nec
796 1007 915 1044 quem
945 1006 1185 1043 cognoscere
1214 1005 1362 1043 posses,

271 1062 336 1100 illa
365 1063 453 1100 luce
481 1060 553 1099 fuit
569 1075 577 1108 3
616 1059 886 1110 quoniamque
915 1059 1104 1098 excedere
1133 1059 1243 1097 caelo

273 1141 354 1166 non
383 1126 503 1174 licuit,
535 1125 668 1165 densis
697 1125 791 1164 texit
820 1138 891 1163 sua
919 1123 1093 1162 nubibus
1122 1136 1199 1162 ora.

327 1192 462 1232 Aeolis
491 1191 639 1230 interea
667 1198 867 1229 tantorum
896 1189 1029 1240 ignara
1058 1190 1250 1227 malorum

273 1259 496 1297 dinumerat
526 1263 687 1303 noctes;
725 1263 763 1294 et
793 1255 882 1303 iam,
914 1268 1012 1305 quas
1041 1253 1179 1293 induat
1208 1253 1282 1301 ille,

273 1323 431 1362 festinat
459 1330 597 1369 vestes,
630 1321 707 1360 iam
737 1334 847 1371 quas,
877 1320 945 1359 ubi
974 1319 1124 1358 venerit
1152 1319 1231 1366 ille,

274 1389 358 1439 ipsa
385 1395 503 1438 gerat,
534 1386 763 1436 reditusque
792 1385 866 1424 sibi
896 1384 1087 1436 promittit
1116 1384 1265 1423 inanes.

274 1453 461 1493 omnibus
491 1452 554 1490 illa
584 1451 745 1502 quidem
777 1450 926 1501 superis
955 1450 1019 1501 pia
1048 1458 1133 1488 tura
1162 1450 1335 1497 ferebat3

273 1527 364 1558 ante
394 1527 526 1557 tamen
556 1525 720 1556 cunctos
752 1515 916 1555 Iunonis
946 1517 1092 1566 templa
1120 1515 1286 1562 colebat,

274 1597 425 1635 proque
453 1583 548 1631 viro,
580 1582 647 1633 qui
677 1583 807 1620 nullus
837 1588 928 1628 erat,
959 1580 1142 1620 veniebat
1171 1581 1222 1619 ad
1250 1594 1347 1627 aras,

274 1658 396 1700 utque
426 1650 524 1688 foret
553 1661 689 1698 sospes
718 1646 891 1685 coniunx
921 1659 1014 1685 suus
1043 1654 1164 1695 utque
1194 1647 1336 1685 rediret

274 1715 447 1765 optabat,
480 1715 709 1762 nullamque
739 1711 812 1750 sibi
842 1713 1060 1762 praeferret.
1119 1718 1157 1749 at
1187 1710 1240 1748 illi

276 1781 352 1819 hoc
381 1781 431 1819 de
461 1786 519 1818 tot
548 1778 648 1816 votis
678 1785 829 1828 poterat
858 1777 1085 1826 contingere
1115 1777 1255 1814 solum.

329 1847 382 1883 At
411 1846 486 1884 dea
516 1857 595 1882 non
626 1844 724 1881 ultra
754 1856 824 1893 pro
854 1843 990 1880 functo
1021 1850 1145 1880 morte
1175 1841 1298 1892 rogari

277 1909 466 1957 sustinct3
506 1917 628 1958 utque
658 1921 798 1946 manus
828 1909 1002 1946 funestas
1031 1914 1160 1945 arceat
1188 1906 1274 1953 aris,

276 1975 364 2022 ‘Iri‚
397 1975 529 2013 meae'
561 1973 657 2013 dixit
687 1976 695 1992 ‘
713 1972 902 2012 fidissima
931 1971 1069 2010 nuntia
1097 1971 1216 2017 vocis,

276 2041 356 2080 vise
387 2040 640 2090 soporiferam
672 2038 809 2077 Somni
840 2037 1025 2077 velociter
1053 2038 1194 2082 aulam,

277 2104 537 2155 exstinctique
568 2104 659 2142 iube
690 2103 831 2153 Ceycis
861 2103 1029 2153 imagine
1061 2104 1187 2140 mittat

277 2171 441 2210 Somnia
470 2171 521 2209 ad
552 2170 759 2219 Alcyonen
788 2182 900 2207 veros
930 2169 1124 2206 narrantia
1154 2169 1291 2205 casus?

275 2236 448 2275 dixerat:
489 2235 662 2274 induitur
692 2234 885 2273 velamina
915 2234 1020 2272 mille
1050 2234 1225 2271 colorum

279 2302 361 2347 Iris,
393 2309 430 2339 ct
459 2309 619 2339 arcuato
647 2301 799 2338 caelum
830 2298 1055 2337 curvamine
1085 2298 1243 2347 signans

277 2375 379 2406 tecta
409 2365 505 2417 petit
535 2365 626 2403 iussi
657 2365 730 2403 sub
760 2364 865 2403 nube
896 2363 1055 2402 latentia
1085 2363 1194 2413 regis.

1538 1006 1602 1040 ⁵70

1539 1334 1603 1368 575

1537 1978 1601 2019 585

1541 2314 1606 2347 590
