1747 2742
420 110 977 151 METAMORPHOSEON
1015 113 1065 150 LI
1074 114 1117 151 B.
1148 113 1208 151 XI

150 221 357 261 miscuerat
386 223 492 273 puris
521 230 721 262 auctorem
751 222 923 261 muneris
953 223 1093 261 undis:

151 287 263 326 fusile
293 301 360 338 per
390 289 506 326 rictus
535 301 673 326 aurum
705 287 854 326 fluitare
883 288 1046 327 videres.

148 353 338 392 attonitus
368 354 540 392 novitate
571 355 661 391 mali
691 353 880 403 divesque
911 353 1105 403 miserque

149 419 318 468 effugere
347 426 457 468 optat
487 431 582 468 opes
612 426 650 457 et
681 431 782 468 quae
812 419 933 457 modo
962 426 1119 456 voverat
1149 418 1243 457 odit.

149 484 263 533 copia
291 484 398 521 nulla
427 484 572 522 famem
602 485 746 522 relevat
762 498 772 532 3
813 483 894 522 sitis
924 483 1031 522 arida
1059 491 1192 533 guttur

149 548 234 595 urit,
267 555 305 586 et
334 547 460 587 inviso
489 548 649 587 meritus
679 556 882 599 torquetur
909 549 959 587 ab
988 561 1096 587 auro.

148 614 199 652 ad
228 615 462 664 caelumque
493 626 631 652 manus
661 621 699 653 et
728 614 936 665 splendida
967 613 1150 652 bracchia
1179 615 1321 653 tollens

151 679 223 716 ‘da
252 679 419 726 veniam,
454 680 609 718 Lenaee
639 687 776 730 pater;
813 679 1088 730 peccavimus‚·'
1119 678 1247 729 inquit

151 743 244 782 ‘sed
273 742 466 791 miserere,
498 757 644 794 precor,
677 744 937 796 speciosoque
965 745 1071 796 eripe
1100 745 1273 783 damno.'

149 807 244 847 mite
272 809 392 847 deum
424 821 598 847 numen:
638 810 818 848 Bacchus
848 821 1033 860 peccasse
1063 809 1250 848 fatentem

148 873 324 921 restituit,
357 873 540 924 pactique
571 874 688 912 fidem
720 875 812 913 data
842 887 1004 913 munera
1034 875 1160 913 solvit.

151 943 274 978 ‘neve
304 939 406 977 male
435 946 571 988 optato
600 952 760 978 maneas
790 939 1032 978 circumlitus
1061 952 1168 986 auro,

148 1005 271 1043 vade'
299 1003 353 1043 ait
385 1004 456 1043 ‘ad
487 1003 638 1054 magnis
667 1004 841 1043 vicinum
872 1004 1060 1044 Sardibus
1088 1017 1258 1051 amnem,

147 1081 295 1119 perque
323 1068 457 1119 iugum
488 1069 633 1108 montis
662 1069 886 1108 labentibus
916 1069 1055 1108 obvius
1086 1069 1202 1108 undis

146 1147 262 1184 carpe
291 1134 404 1181 viam,
437 1135 566 1174 donec
595 1135 728 1174 venias
758 1136 809 1174 ad
838 1134 1011 1173 fluminis
1041 1142 1147 1173 ortus
1164 1150 1172 1182 ;

146 1199 451 1250 spumigeroque
480 1207 591 1238 tuum
622 1200 734 1247 fonti,
764 1213 842 1251 qua
870 1199 1060 1250 plurimus
1090 1200 1179 1246 exit,

147 1264 274 1303 subde
302 1272 421 1316 caput
449 1277 672 1315 corpusque
701 1264 828 1312 simul,
859 1265 975 1303 simul
1005 1266 1092 1304 elue
1121 1265 1295 1303 crimen.'

146 1343 211 1368 rex
240 1329 368 1368 iussae
397 1329 572 1369 succedit
601 1343 741 1381 aquae.
797 1330 853 1369 vis
882 1343 999 1369 aurea
1028 1329 1140 1368 tinxit

147 1395 305 1442 flumen,
337 1402 376 1433 et
405 1395 581 1433 humano
613 1396 663 1434 de
693 1408 857 1446 corpore
887 1395 1003 1434 cessit
1033 1395 1073 1433 in
1103 1409 1273 1434 amnem.

146 1473 253 1499 nunc
282 1473 442 1511 quoque
471 1459 549 1499 iam
579 1461 719 1500 veteris
750 1469 936 1512 percepto
965 1461 1115 1499 semine
1144 1474 1268 1499 venae

145 1538 236 1564 arva
264 1525 389 1576 rigent
417 1539 513 1565 auro
543 1526 713 1566 madidis
743 1526 927 1577 pallentia
957 1526 1116 1576 glaebis.
1143 1521 1152 1567 l

202 1591 275 1630 Ille
303 1603 466 1641 perosus
496 1605 592 1642 opes
622 1591 737 1630 silvas
767 1599 805 1630 et
834 1605 920 1630 rura
950 1572 1144 1638 colebat?

149 1657 336 1707 Panaque
366 1655 564 1695 montanis
595 1656 840 1695 habitantem
870 1669 1026 1706 semper
1055 1655 1095 1694 in
1124 1655 1256 1694 antris.

147 1721 292 1772 pingue
322 1722 392 1760 sed
422 1721 624 1771 ingenium
654 1721 809 1769 mansit,
841 1721 1112 1771 nocituraque,
1144 1729 1185 1759 ut
1215 1730 1317 1769 ante,

146 1800 277 1826 rursus
306 1794 415 1826 erant
445 1786 611 1826 domino
640 1786 808 1826 stolidae
837 1787 1065 1838 praecordia
1097 1786 1249 1825 mentis.

146 1865 238 1891 nam
268 1852 364 1890 freta
392 1851 635 1903 prospiciens
665 1853 741 1890 late
771 1851 866 1902 riget
896 1853 1040 1890 arduus
1070 1853 1149 1890 alto

146 1917 182 1954 T
185 1917 313 1955 molus
342 1915 382 1954 in
411 1917 620 1963 adscensu,
648 1916 830 1968 clivoque
859 1925 1042 1956 extensus
1072 1926 1239 1966 utroque

147 1981 334 2021 Sardibus
363 1981 467 2029 hinc,
499 1981 606 2020 illinc
635 1981 762 2032 parvis
792 1981 923 2021 finitur
953 1981 1169 2033 Hypaepis.

149 2048 230 2085 Pan
260 2046 315 2086 ibi
344 2047 440 2086 dum
470 2047 612 2086 teneris
642 2047 760 2086 iactat
789 2060 858 2086 sua
888 2047 1052 2086 crimina
1083 2046 1278 2098 Nymphis

146 2119 184 2151 et
213 2113 298 2152 leve
327 2120 456 2151 cerata
487 2113 711 2152 modulatur
740 2112 960 2152 harundine
989 2126 1158 2159 carmen,

146 2191 264 2216 ausus
294 2177 526 2229 Apollineos
555 2191 647 2228 prae
677 2191 719 2217 se
748 2186 1003 2217 contemnere
1032 2185 1184 2224 cantus,

148 2242 278 2282 iudice
307 2242 381 2281 sub
410 2244 556 2282 Tmolo
584 2250 783 2282 certarnen
812 2243 920 2282 venit
948 2243 999 2281 ad
1028 2242 1164 2293 impar.

147 2315 284 2346 monte
312 2320 384 2347 suo
413 2307 543 2346 senior
571 2307 689 2347 iudex
717 2307 898 2347 consedit
928 2315 966 2346 et
995 2320 1107 2346 aures

147 2371 286 2416 liberat
313 2372 546 2419 arboribus;
584 2386 732 2422 quercu
761 2386 876 2412 coma
906 2373 1060 2412 caerula
1089 2379 1242 2411 tantum

1418 238 1477 270 125

1417 565 1480 596 130

1419 890 1478 923 135

1417 1217 1479 1249 ¹40

1416 1542 1477 1576 145

1415 2192 1475 2225 ¹55
