1747 2742
376 139 534 177 ΜΕΤΑ
542 137 933 177 MORPHOSEON
969 137 1070 174 le'.
1103 137 1162 174 XI

106 261 150 287 os
179 248 276 300 petit
305 256 343 288 et
372 261 526 299 sparsos
556 246 715 287 stillanti
744 260 829 286 rore
858 245 1030 297 capillos.

107 315 268 354 tandem
300 314 486 354 Phoebus
514 314 637 360 adest,
669 325 901 363 morsusque
931 311 1071 352 inferre
1100 319 1302 363 parantem

106 387 224 428 arcet,
254 388 293 420 et
322 379 362 419 in
391 378 563 431 lapidem
593 378 711 418 rictus
741 377 932 430 serpentis
960 385 1115 429 apertos

107 447 287 496 congelat
316 454 355 485 et
383 446 548 496 patulos,
581 452 624 484 ut
652 451 772 491 erant,
803 443 960 483 indurat
989 443 1128 482 hiatus.
1396 449 1439 480 60

163 510 314 550 Vmbra
343 510 449 550 subit
478 518 608 557 terraS,
641 517 679 549 et
709 523 810 560 quae
841 510 930 548 loca
958 508 1108 548 viderat
1136 516 1239 554 ante,

108 584 251 616 cuncta
279 575 553 627 recognoscit3
590 587 863 625 quaerensque
893 587 961 625 per
989 587 1080 613 arva
1108 573 1261 625 piorum

108 640 257 681 invenit
288 642 524 692 Eurydicen,
556 640 790 691 cupidisque
819 639 1069 691 amplectitur
1098 639 1210 678 ulnis.

109 706 172 746 hic
203 707 324 747 modo
353 706 575 746 coniunctis
605 705 822 757 spatiantur
850 704 1030 756 passibus
1059 704 1189 751 ambo,

109 786 216 812 nunc
245 773 548 824 praecedentem
578 770 762 822 sequitur,
796 784 902 810 nunc
931 770 1110 822 praevius
1139 769 1272 816 anteit,
1398 777 1439 819 65

111 839 416 888 Eurydicenque
445 850 557 876 suam
587 838 664 875 iam
694 844 780 876 tuto
809 835 966 886 respicit
996 836 1190 887 Orpheus.

165 904 258 943 Non
288 902 449 954 impune
479 910 611 941 tamen
641 902 768 941 scelus
797 902 874 940 hoc
904 900 994 940 sinit
1023 914 1109 940 esse
1140 903 1302 951 Lyaeus,

108 967 334 1019 amissoque
363 969 502 1007 dolens
531 980 730 1007 sacrorum
761 974 847 1005 vate
878 980 1048 1014 suorum,

109 1033 287 1085 protinus
316 1033 356 1072 in
385 1032 491 1072 silvis
521 1041 663 1072 matres
694 1031 898 1073 Edonidas
928 1045 1078 1078 omnes,

109 1112 211 1149 quae
239 1098 371 1138 videre
400 1099 520 1145 nefas,
551 1105 652 1137 torta
679 1097 811 1137 radice
839 1096 981 1148 ligavit.
1400 1110 1441 1145 70

109 1163 257 1215 quippe
286 1164 434 1214 pedum
465 1163 607 1214 digitos
635 1162 706 1211 via,
736 1176 856 1214 quam
883 1170 967 1201 tum
998 1175 1178 1213 quaeque
1206 1171 1340 1202 secuta
1369 1171 1437 1208 est,

111 1228 234 1277 traxit,
265 1237 303 1268 et
333 1229 372 1267 in
402 1228 569 1268 solidam
600 1228 764 1268 detrusit
793 1227 977 1267 acumine
1006 1236 1158 1267 terram.

111 1302 233 1345 utque
262 1308 377 1333 suum
408 1294 567 1345 laqueis,
600 1307 700 1345 quos
729 1293 894 1334 callidus
924 1293 1078 1333 abdidit
1107 1307 1263 1345 auceps,

111 1373 198 1398 crus
227 1359 295 1398 ubi
325 1358 522 1398 commisit
552 1358 731 1407 volucris,
763 1359 963 1410 sensitque
994 1359 1128 1407 teneri,

111 1424 317 1476 plangitur,
347 1438 393 1463 ac
423 1423 623 1475 trepidans
652 1423 858 1475 adstringit
886 1423 1042 1463 vincula
1072 1433 1209 1473 motu,·
1402 1438 1442 1472 75

111 1492 177 1538 sic,
210 1499 253 1529 ut
281 1503 463 1541 quaeque
492 1491 577 1529 solo
606 1490 734 1529 defixa
762 1491 990 1529 cohaeserat
1020 1491 1169 1537 harum,

111 1563 329 1595 exsternata
358 1557 489 1606 fugam
519 1556 658 1594 frustra
687 1555 904 1606 temptabat
919 1570 929 1603 ,·
966 1563 1006 1594 at
1035 1554 1140 1594 illam

111 1622 217 1660 lenta
246 1628 353 1660 tenet
381 1620 504 1668 radix,
531 1621 872 1671 exsultantemque
901 1628 1066 1660 coercet.

112 1688 288 1738 dumque
317 1688 385 1726 ubi
415 1687 493 1726 sint
521 1686 642 1737 digiti,
674 1688 771 1726 dum
801 1700 870 1738 pes
905 1687 984 1734 ubi,
1017 1685 1177 1737 quaerit,
1209 1694 1248 1725 ct
1277 1699 1440 1736 ungues,

111 1752 279 1804 adspicit
308 1751 347 1790 in
377 1760 517 1791 teretes
547 1753 696 1802 lignum
725 1753 937 1792 succedere
967 1765 1086 1792 suras.
1400 1758 1443 1789 80

112 1826 151 1857 et
179 1825 321 1857 conata
350 1818 476 1856 femur
506 1817 693 1857 maerenti
722 1819 907 1869 plangere
936 1819 1081 1865 dextra,

114 1884 254 1923 robora
283 1883 484 1934 percussit.
543 1891 680 1934 pectus
709 1897 869 1934 quoque
899 1884 1040 1923 robora
1070 1885 1179 1930 fiunt,

114 1948 255 1988 robora
284 1957 376 1988 sunt
405 1948 541 1996 umeri,
572 1957 830 2000 porrectaque
862 1949 1044 1988 bracchia
1072 1962 1184 1988 veros

114 2028 135 2053 e
177 2028 198 2053 e
229 2022 342 2065 putes
371 2027 511 2062 ramos,
543 2023 580 2053 et
610 2028 690 2053 non
721 2015 852 2054 fallare
882 2015 1070 2065 putando.

168 2080 201 2118 I&
233 2093 254 2118 c
275 2079 367 2118 satis
388 2080 464 2118 hoc
485 2081 645 2119 Baccho
665 2087 734 2119 est.
771 2079 876 2131 ipsos
897 2094 1057 2130 quoque
1077 2078 1220 2119 descrit
1240 2093 1364 2130 agros,
1401 2087 1441 2126 85

113 2158 285 2196 cumque
313 2145 435 2184 choro
465 2145 626 2184 meliore
655 2145 712 2184 sui
744 2145 873 2184 vineta
902 2145 1048 2184 Timoli

115 2211 384 2260 Pactolonque
413 2209 521 2261 petit,
552 2211 730 2260 quamvis
761 2224 841 2250 non
870 2224 1010 2250 aureus
1040 2212 1106 2250 illo

114 2283 290 2325 tempore
320 2287 394 2313 nec
422 2274 520 2313 caris
549 2282 631 2314 erat
659 2274 876 2315 invidiosus
906 2275 1070 2314 harenis.

114 2338 221 2377 hunc
249 2339 414 2378 adsueta
442 2341 595 2387 cohors,
626 2339 750 2390 Satyri
782 2341 1042 2391 Bacchaeque
1072 2342 1344 2391 frequentant,

113 2411 154 2442 at
183 2403 337 2444 Silenus
365 2405 488 2445 abest.
547 2405 782 2445 titubantem
812 2406 1006 2457 annisque
1036 2420 1224 2457 meroque
1401 2423 1443 2454 90

1302 2479 1320 2502 u
1341 2480 1355 2501 2
