<?xml version="1.0" encoding="UTF-8"?>
<!DOCTYPE html PUBLIC "-//W3C//DTD XHTML 1.0 Transitional//EN"
    "http://www.w3.org/TR/xhtml1/DTD/xhtml1-transitional.dtd">
<html xmlns="http://www.w3.org/1999/xhtml" xml:lang="en" lang="en">
 <head>
  <title>
</title>
<meta http-equiv="Content-Type" content="text/html;charset=utf-8" />
  <meta name='ocr-system' content='tesseract 3.04.00' />
  <meta name='ocr-capabilities' content='ocr_page ocr_carea ocr_par ocr_line ocrx_word'/>
</head>
<body>
  <div class='ocr_page' id='page_1' title='image "./metamorphoseonl00oviduoft/metamorphoseonl00oviduoft_0039.png"; bbox 0 0 1747 2742; ppageno 0'>
   <div class='ocr_carea' id='block_1_1' title="bbox 368 112 1156 154">
    <p class='ocr_par' dir='ltr' id='par_1_1' title="bbox 368 112 1156 154">
     <span class='ocr_line' id='line_1_1' title="bbox 368 112 1156 154; baseline -0.004 -2"><span class='ocrx_word' id='word_1_1' title='bbox 368 113 925 154; x_wconf 80' lang='lat' dir='ltr'>METAMORPHOSEON</span> <span class='ocrx_word' id='word_1_2' title='bbox 962 113 1065 151; x_wconf 88' lang='lat' dir='ltr'>LIB.</span> <span class='ocrx_word' id='word_1_3' title='bbox 1098 112 1156 150; x_wconf 79' lang='lat' dir='ltr'>XI</span> 
     </span>
    </p>
   </div>
   <div class='ocr_carea' id='block_1_2' title="bbox 97 221 1432 2430">
    <p class='ocr_par' dir='ltr' id='par_1_2' title="bbox 97 221 1181 276">
     <span class='ocr_line' id='line_1_2' title="bbox 97 221 1181 276; baseline -0.003 -13"><span class='ocrx_word' id='word_1_4' title='bbox 97 223 165 263; x_wconf 90' lang='lat' dir='ltr'>dat</span> <span class='ocrx_word' id='word_1_5' title='bbox 194 237 354 276; x_wconf 90' lang='lat' dir='ltr'>quoque</span> <span class='ocrx_word' id='word_1_6' title='bbox 383 222 460 262; x_wconf 90' lang='lat' dir='ltr'>iam</span> <span class='ocrx_word' id='word_1_7' title='bbox 491 225 611 262; x_wconf 89' lang='lat' dir='ltr'>saltus</span> <span class='ocrx_word' id='word_1_8' title='bbox 640 222 741 261; x_wconf 86' lang='lat' dir='ltr'>intra</span> <span class='ocrx_word' id='word_1_9' title='bbox 769 235 864 261; x_wconf 81' lang='lat' dir='ltr'>cava</span> <span class='ocrx_word' id='word_1_10' title='bbox 894 230 998 261; x_wconf 84' lang='lat' dir='ltr'>texta</span> <span class='ocrx_word' id='word_1_11' title='bbox 1026 221 1181 260; x_wconf 80' lang='lat' dir='ltr'>carinae</span> 
     </span>
    </p>

    <p class='ocr_par' dir='ltr' id='par_1_3' title="bbox 97 286 1427 405">
     <span class='ocr_line' id='line_1_3' title="bbox 98 286 1427 338; baseline -0.003 -10"><span class='ocrx_word' id='word_1_12' title='bbox 98 289 240 328; x_wconf 90' lang='lat' dir='ltr'>fluctus</span> <span class='ocrx_word' id='word_1_13' title='bbox 255 302 265 337; x_wconf 60' lang='grc' dir='ltr'>,ε</span> <span class='ocrx_word' id='word_1_14' title='bbox 302 295 341 328; x_wconf 90' lang='lat' dir='ltr'>et</span> <span class='ocrx_word' id='word_1_15' title='bbox 369 295 412 328; x_wconf 92' lang='lat' dir='ltr'>ut</span> <span class='ocrx_word' id='word_1_16' title='bbox 441 287 564 337; x_wconf 89' lang='lat' dir='ltr'>miles,</span> <span class='ocrx_word' id='word_1_17' title='bbox 596 299 761 327; x_wconf 89' lang='lat' dir='ltr'>numero</span> <span class='ocrx_word' id='word_1_18' title='bbox 790 286 1049 338; x_wconf 77' lang='lat' dir='ltr'>praestantior</span> <span class='ocrx_word' id='word_1_19' title='bbox 1078 286 1199 333; x_wconf 91' lang='lat' dir='ltr'>omni,</span> <span class='ocrx_word' id='word_1_20' title='bbox 1365 303 1427 335; x_wconf 67' lang='lat'>5²5</span> 
     </span>
     <span class='ocr_line' id='line_1_4' title="bbox 97 351 1125 405; baseline -0.002 -12"><span class='ocrx_word' id='word_1_21' title='bbox 97 366 190 393; x_wconf 88' lang='lat' dir='ltr'>cum</span> <span class='ocrx_word' id='word_1_22' title='bbox 217 366 335 405; x_wconf 87' lang='lat' dir='ltr'>saepe</span> <span class='ocrx_word' id='word_1_23' title='bbox 363 352 522 393; x_wconf 89' lang='lat' dir='ltr'>adsiluit</span> <span class='ocrx_word' id='word_1_24' title='bbox 551 353 738 392; x_wconf 87' lang='lat' dir='ltr'>defensae</span> <span class='ocrx_word' id='word_1_25' title='bbox 767 351 977 392; x_wconf 86' lang='lat' dir='ltr'>moenibus</span> <span class='ocrx_word' id='word_1_26' title='bbox 1006 351 1125 399; x_wconf 88' lang='lat' dir='ltr'>urbis,</span> 
     </span>
    </p>

    <p class='ocr_par' dir='ltr' id='par_1_4' title="bbox 98 418 1165 470">
     <span class='ocr_line' id='line_1_5' title="bbox 98 418 1165 470; baseline -0.002 -12"><span class='ocrx_word' id='word_1_27' title='bbox 98 432 167 470; x_wconf 91' lang='lat' dir='ltr'>spe</span> <span class='ocrx_word' id='word_1_28' title='bbox 195 418 343 470; x_wconf 89' lang='lat' dir='ltr'>potitur</span> <span class='ocrx_word' id='word_1_29' title='bbox 371 419 545 466; x_wconf 85' lang='lat' dir='ltr'>tandem,</span> <span class='ocrx_word' id='word_1_30' title='bbox 576 418 784 469; x_wconf 88' lang='lat' dir='ltr'>laudisque</span> <span class='ocrx_word' id='word_1_31' title='bbox 812 431 1002 457; x_wconf 86' lang='lat' dir='ltr'>accensus</span> <span class='ocrx_word' id='word_1_32' title='bbox 1031 430 1165 457; x_wconf 85' lang='lat' dir='ltr'>amore</span> 
     </span>
    </p>

    <p class='ocr_par' dir='ltr' id='par_1_5' title="bbox 98 483 1168 534">
     <span class='ocr_line' id='line_1_6' title="bbox 98 483 1168 534; baseline -0.002 -11"><span class='ocrx_word' id='word_1_33' title='bbox 98 483 198 523; x_wconf 88' lang='lat' dir='ltr'>inter</span> <span class='ocrx_word' id='word_1_34' title='bbox 226 483 333 523; x_wconf 89' lang='lat' dir='ltr'>mille</span> <span class='ocrx_word' id='word_1_35' title='bbox 361 483 464 523; x_wconf 85' lang='lat' dir='ltr'>viros</span> <span class='ocrx_word' id='word_1_36' title='bbox 494 497 650 522; x_wconf 88' lang='lat' dir='ltr'>murum</span> <span class='ocrx_word' id='word_1_37' title='bbox 679 491 813 522; x_wconf 89' lang='lat' dir='ltr'>tamen</span> <span class='ocrx_word' id='word_1_38' title='bbox 841 492 1010 534; x_wconf 90' lang='lat' dir='ltr'>occupat</span> <span class='ocrx_word' id='word_1_39' title='bbox 1040 496 1168 529; x_wconf 77' lang='lat' dir='ltr'>unus3</span> 
     </span>
    </p>

    <p class='ocr_par' dir='ltr' id='par_1_6' title="bbox 98 548 1159 599">
     <span class='ocr_line' id='line_1_7' title="bbox 98 548 1159 599; baseline -0.001 -12"><span class='ocrx_word' id='word_1_40' title='bbox 98 548 154 587; x_wconf 91' lang='lat' dir='ltr'>sic</span> <span class='ocrx_word' id='word_1_41' title='bbox 183 548 251 588; x_wconf 93' lang='lat' dir='ltr'>ubi</span> <span class='ocrx_word' id='word_1_42' title='bbox 280 550 483 599; x_wconf 86' lang='lat' dir='ltr'>pulsarunt</span> <span class='ocrx_word' id='word_1_43' title='bbox 513 548 677 588; x_wconf 86' lang='lat' dir='ltr'>noviens</span> <span class='ocrx_word' id='word_1_44' title='bbox 706 549 826 587; x_wconf 89' lang='lat' dir='ltr'>latera</span> <span class='ocrx_word' id='word_1_45' title='bbox 855 549 976 588; x_wconf 91' lang='lat' dir='ltr'>ardua</span> <span class='ocrx_word' id='word_1_46' title='bbox 1007 549 1159 594; x_wconf 82' lang='lat' dir='ltr'>fluctus,</span> 
     </span>
    </p>

    <p class='ocr_par' dir='ltr' id='par_1_7' title="bbox 98 613 1428 730">
     <span class='ocr_line' id='line_1_8' title="bbox 98 613 1428 665; baseline -0.002 -13"><span class='ocrx_word' id='word_1_47' title='bbox 98 613 244 653; x_wconf 79' lang='lat' dir='ltr'>vastius</span> <span class='ocrx_word' id='word_1_48' title='bbox 273 614 477 665; x_wconf 83' lang='lat' dir='ltr'>insurgens</span> <span class='ocrx_word' id='word_1_49' title='bbox 507 613 685 653; x_wconf 88' lang='lat' dir='ltr'>decimae</span> <span class='ocrx_word' id='word_1_50' title='bbox 715 613 790 653; x_wconf 89' lang='lat' dir='ltr'>ruit</span> <span class='ocrx_word' id='word_1_51' title='bbox 814 613 985 665; x_wconf 88' lang='lat' dir='ltr'>impetus</span> <span class='ocrx_word' id='word_1_52' title='bbox 1014 614 1157 660; x_wconf 87' lang='lat' dir='ltr'>undae,</span> <span class='ocrx_word' id='word_1_53' title='bbox 1366 627 1428 660; x_wconf 80' lang='lat'>530</span> 
     </span>
     <span class='ocr_line' id='line_1_9' title="bbox 99 678 1129 730; baseline -0.001 -13"><span class='ocrx_word' id='word_1_54' title='bbox 99 692 172 718; x_wconf 89' lang='lat' dir='ltr'>nec</span> <span class='ocrx_word' id='word_1_55' title='bbox 201 680 307 730; x_wconf 89' lang='lat' dir='ltr'>prius</span> <span class='ocrx_word' id='word_1_56' title='bbox 335 678 488 718; x_wconf 89' lang='lat' dir='ltr'>absistit</span> <span class='ocrx_word' id='word_1_57' title='bbox 516 680 658 718; x_wconf 80' lang='lat' dir='ltr'>fessam</span> <span class='ocrx_word' id='word_1_58' title='bbox 688 693 917 730; x_wconf 83' lang='lat' dir='ltr'>oppugnare</span> <span class='ocrx_word' id='word_1_59' title='bbox 945 680 1129 726; x_wconf 87' lang='lat' dir='ltr'>carinam,</span> 
     </span>
    </p>

    <p class='ocr_par' dir='ltr' id='par_1_8' title="bbox 99 743 1169 795">
     <span class='ocr_line' id='line_1_10' title="bbox 99 743 1169 795; baseline -0.001 -13"><span class='ocrx_word' id='word_1_60' title='bbox 99 757 218 795; x_wconf 86' lang='lat' dir='ltr'>quam</span> <span class='ocrx_word' id='word_1_61' title='bbox 248 745 354 783; x_wconf 84' lang='lat' dir='ltr'>velut</span> <span class='ocrx_word' id='word_1_62' title='bbox 382 744 422 783; x_wconf 90' lang='lat' dir='ltr'>in</span> <span class='ocrx_word' id='word_1_63' title='bbox 452 752 590 795; x_wconf 89' lang='lat' dir='ltr'>captae</span> <span class='ocrx_word' id='word_1_64' title='bbox 619 745 835 784; x_wconf 88' lang='lat' dir='ltr'>descendat</span> <span class='ocrx_word' id='word_1_65' title='bbox 864 744 1022 784; x_wconf 90' lang='lat' dir='ltr'>moenia</span> <span class='ocrx_word' id='word_1_66' title='bbox 1050 743 1169 782; x_wconf 76' lang='lat' dir='ltr'>navis.</span> 
     </span>
    </p>

    <p class='ocr_par' dir='ltr' id='par_1_9' title="bbox 100 808 1135 860">
     <span class='ocr_line' id='line_1_11' title="bbox 100 808 1135 860; baseline 0 -13"><span class='ocrx_word' id='word_1_67' title='bbox 100 823 187 860; x_wconf 89' lang='lat' dir='ltr'>pars</span> <span class='ocrx_word' id='word_1_68' title='bbox 217 808 332 860; x_wconf 88' lang='lat' dir='ltr'>igitur</span> <span class='ocrx_word' id='word_1_69' title='bbox 360 809 578 860; x_wconf 84' lang='lat' dir='ltr'>temptabat</span> <span class='ocrx_word' id='word_1_70' title='bbox 607 811 739 849; x_wconf 86' lang='lat' dir='ltr'>adhue</span> <span class='ocrx_word' id='word_1_71' title='bbox 769 809 953 849; x_wconf 80' lang='lat' dir='ltr'>invadere</span> <span class='ocrx_word' id='word_1_72' title='bbox 982 809 1135 860; x_wconf 77' lang='lat' dir='ltr'>pinum,</span> 
     </span>
    </p>

    <p class='ocr_par' dir='ltr' id='par_1_10' title="bbox 99 874 1425 1056">
     <span class='ocr_line' id='line_1_12' title="bbox 100 874 1317 926; baseline 0 -14"><span class='ocrx_word' id='word_1_73' title='bbox 100 888 188 925; x_wconf 87' lang='lat' dir='ltr'>pars</span> <span class='ocrx_word' id='word_1_74' title='bbox 217 874 334 914; x_wconf 90' lang='lat' dir='ltr'>maris</span> <span class='ocrx_word' id='word_1_75' title='bbox 362 874 468 914; x_wconf 87' lang='lat' dir='ltr'>intus</span> <span class='ocrx_word' id='word_1_76' title='bbox 495 883 586 914; x_wconf 87' lang='lat' dir='ltr'>erat.</span> <span class='ocrx_word' id='word_1_77' title='bbox 647 875 845 926; x_wconf 86' lang='lat' dir='ltr'>trepidant</span> <span class='ocrx_word' id='word_1_78' title='bbox 874 875 982 914; x_wconf 84' lang='lat' dir='ltr'>haud</span> <span class='ocrx_word' id='word_1_79' title='bbox 1011 874 1138 914; x_wconf 85' lang='lat' dir='ltr'>secius</span> <span class='ocrx_word' id='word_1_80' title='bbox 1168 887 1317 921; x_wconf 84' lang='lat' dir='ltr'>onmes,</span> 
     </span>
     <span class='ocr_line' id='line_1_13' title="bbox 100 939 1425 990; baseline 0 -12"><span class='ocrx_word' id='word_1_81' title='bbox 100 953 219 990; x_wconf 86' lang='lat' dir='ltr'>quam</span> <span class='ocrx_word' id='word_1_82' title='bbox 249 941 349 979; x_wconf 92' lang='lat' dir='ltr'>solet</span> <span class='ocrx_word' id='word_1_83' title='bbox 377 939 482 987; x_wconf 85' lang='lat' dir='ltr'>urbs,</span> <span class='ocrx_word' id='word_1_84' title='bbox 511 940 596 978; x_wconf 91' lang='lat' dir='ltr'>aliis</span> <span class='ocrx_word' id='word_1_85' title='bbox 626 953 781 979; x_wconf 83' lang='lat' dir='ltr'>murum</span> <span class='ocrx_word' id='word_1_86' title='bbox 811 940 1054 979; x_wconf 87' lang='lat' dir='ltr'>fodientibus</span> <span class='ocrx_word' id='word_1_87' title='bbox 1083 947 1188 978; x_wconf 81' lang='lat' dir='ltr'>extra</span> <span class='ocrx_word' id='word_1_88' title='bbox 1365 955 1425 987; x_wconf 71' lang='lat'>535</span> 
     </span>
     <span class='ocr_line' id='line_1_14' title="bbox 99 1004 1172 1056; baseline 0 -12"><span class='ocrx_word' id='word_1_89' title='bbox 99 1013 219 1056; x_wconf 82' lang='lat' dir='ltr'>atque</span> <span class='ocrx_word' id='word_1_90' title='bbox 247 1005 332 1044; x_wconf 90' lang='lat' dir='ltr'>aliis</span> <span class='ocrx_word' id='word_1_91' title='bbox 361 1019 528 1052; x_wconf 88' lang='lat' dir='ltr'>murum,</span> <span class='ocrx_word' id='word_1_92' title='bbox 561 1005 765 1056; x_wconf 89' lang='lat' dir='ltr'>trepidare,</span> <span class='ocrx_word' id='word_1_93' title='bbox 800 1005 1026 1044; x_wconf 88' lang='lat' dir='ltr'>tenentibus</span> <span class='ocrx_word' id='word_1_94' title='bbox 1056 1004 1172 1044; x_wconf 83' lang='lat' dir='ltr'>intus.</span> 
     </span>
    </p>

    <p class='ocr_par' dir='ltr' id='par_1_11' title="bbox 100 1069 1264 1121">
     <span class='ocr_line' id='line_1_15' title="bbox 100 1069 1264 1121; baseline -0.002 -11"><span class='ocrx_word' id='word_1_95' title='bbox 100 1069 234 1110; x_wconf 81' lang='lat' dir='ltr'>deficit</span> <span class='ocrx_word' id='word_1_96' title='bbox 261 1084 322 1109; x_wconf 84' lang='lat' dir='ltr'>ars</span> <span class='ocrx_word' id='word_1_97' title='bbox 350 1070 551 1121; x_wconf 84' lang='lat' dir='ltr'>animique</span> <span class='ocrx_word' id='word_1_98' title='bbox 580 1071 752 1117; x_wconf 71' lang='lat' dir='ltr'>cadunt:</span> <span class='ocrx_word' id='word_1_99' title='bbox 796 1070 1043 1121; x_wconf 83' lang='lat' dir='ltr'>totidemque</span> <span class='ocrx_word' id='word_1_100' title='bbox 1073 1070 1264 1117; x_wconf 75' lang='lat' dir='ltr'>videntur,</span> 
     </span>
    </p>

    <p class='ocr_par' dir='ltr' id='par_1_12' title="bbox 100 1135 1300 1187">
     <span class='ocr_line' id='line_1_16' title="bbox 100 1135 1300 1187; baseline -0.001 -12"><span class='ocrx_word' id='word_1_101' title='bbox 100 1144 199 1187; x_wconf 84' lang='lat' dir='ltr'>quot</span> <span class='ocrx_word' id='word_1_102' title='bbox 227 1135 390 1175; x_wconf 88' lang='lat' dir='ltr'>veniunt</span> <span class='ocrx_word' id='word_1_103' title='bbox 418 1137 572 1184; x_wconf 84' lang='lat' dir='ltr'>fluctus,</span> <span class='ocrx_word' id='word_1_104' title='bbox 603 1149 714 1175; x_wconf 88' lang='lat' dir='ltr'>ruere</span> <span class='ocrx_word' id='word_1_105' title='bbox 742 1145 862 1187; x_wconf 85' lang='lat' dir='ltr'>atque</span> <span class='ocrx_word' id='word_1_106' title='bbox 891 1136 1114 1186; x_wconf 87' lang='lat' dir='ltr'>inrumpere</span> <span class='ocrx_word' id='word_1_107' title='bbox 1144 1144 1300 1174; x_wconf 78' lang='lat' dir='ltr'>mortes,</span> 
     </span>
    </p>

    <p class='ocr_par' dir='ltr' id='par_1_13' title="bbox 101 1201 1430 1448">
     <span class='ocr_line' id='line_1_17' title="bbox 101 1201 1307 1252; baseline -0.001 -12"><span class='ocrx_word' id='word_1_108' title='bbox 101 1215 182 1240; x_wconf 90' lang='lat' dir='ltr'>non</span> <span class='ocrx_word' id='word_1_109' title='bbox 212 1209 320 1240; x_wconf 88' lang='lat' dir='ltr'>tenet</span> <span class='ocrx_word' id='word_1_110' title='bbox 348 1201 413 1240; x_wconf 91' lang='lat' dir='ltr'>hic</span> <span class='ocrx_word' id='word_1_111' title='bbox 442 1201 633 1248; x_wconf 88' lang='lat' dir='ltr'>lacrimas,</span> <span class='ocrx_word' id='word_1_112' title='bbox 665 1209 796 1252; x_wconf 90' lang='lat' dir='ltr'>stupet</span> <span class='ocrx_word' id='word_1_113' title='bbox 826 1201 904 1249; x_wconf 74' lang='lat' dir='ltr'>hic,</span> <span class='ocrx_word' id='word_1_114' title='bbox 933 1209 1047 1240; x_wconf 77' lang='lat' dir='ltr'>vocat</span> <span class='ocrx_word' id='word_1_115' title='bbox 1077 1201 1140 1240; x_wconf 90' lang='lat' dir='ltr'>ille</span> <span class='ocrx_word' id='word_1_116' title='bbox 1171 1201 1307 1240; x_wconf 87' lang='lat' dir='ltr'>beatos</span> 
     </span>
     <span class='ocr_line' id='line_1_18' title="bbox 101 1266 1430 1317; baseline -0.001 -12"><span class='ocrx_word' id='word_1_117' title='bbox 101 1268 238 1305; x_wconf 85' lang='lat' dir='ltr'>funera</span> <span class='ocrx_word' id='word_1_118' title='bbox 265 1280 366 1317; x_wconf 91' lang='lat' dir='ltr'>quos</span> <span class='ocrx_word' id='word_1_119' title='bbox 396 1274 606 1307; x_wconf 84' lang='lat' dir='ltr'>maneant:</span> <span class='ocrx_word' id='word_1_120' title='bbox 644 1266 708 1305; x_wconf 86' lang='lat' dir='ltr'>hic</span> <span class='ocrx_word' id='word_1_121' title='bbox 738 1267 838 1305; x_wconf 74' lang='lat' dir='ltr'>votis</span> <span class='ocrx_word' id='word_1_122' title='bbox 868 1279 1015 1305; x_wconf 89' lang='lat' dir='ltr'>numen</span> <span class='ocrx_word' id='word_1_123' title='bbox 1045 1267 1194 1313; x_wconf 88' lang='lat' dir='ltr'>adorat,</span> <span class='ocrx_word' id='word_1_124' title='bbox 1367 1281 1430 1312; x_wconf 74' lang='lat'>540</span> 
     </span>
     <span class='ocr_line' id='line_1_19' title="bbox 101 1331 1353 1382; baseline -0.001 -12"><span class='ocrx_word' id='word_1_125' title='bbox 101 1331 364 1382; x_wconf 85' lang='lat' dir='ltr'>bracchiaque</span> <span class='ocrx_word' id='word_1_126' title='bbox 392 1333 442 1371; x_wconf 87' lang='lat' dir='ltr'>ad</span> <span class='ocrx_word' id='word_1_127' title='bbox 473 1333 638 1379; x_wconf 87' lang='lat' dir='ltr'>caelum,</span> <span class='ocrx_word' id='word_1_128' title='bbox 670 1333 779 1382; x_wconf 88' lang='lat' dir='ltr'>quod</span> <span class='ocrx_word' id='word_1_129' title='bbox 809 1345 890 1371; x_wconf 91' lang='lat' dir='ltr'>non</span> <span class='ocrx_word' id='word_1_130' title='bbox 919 1331 1037 1379; x_wconf 70' lang='lat' dir='ltr'>videt,</span> <span class='ocrx_word' id='word_1_131' title='bbox 1068 1331 1181 1370; x_wconf 80' lang='lat' dir='ltr'>inrita</span> <span class='ocrx_word' id='word_1_132' title='bbox 1211 1332 1353 1370; x_wconf 83' lang='lat' dir='ltr'>tollens</span> 
     </span>
     <span class='ocr_line' id='line_1_20' title="bbox 101 1388 1200 1448; baseline -0.001 -12"><span class='ocrx_word' id='word_1_133' title='bbox 101 1397 228 1448; x_wconf 90' lang='lat' dir='ltr'>poscit</span> <span class='ocrx_word' id='word_1_134' title='bbox 257 1410 403 1447; x_wconf 85' lang='lat' dir='ltr'>opem3</span> <span class='ocrx_word' id='word_1_135' title='bbox 443 1397 615 1436; x_wconf 91' lang='lat' dir='ltr'>subeunt</span> <span class='ocrx_word' id='word_1_136' title='bbox 643 1396 697 1435; x_wconf 91' lang='lat' dir='ltr'>illi</span> <span class='ocrx_word' id='word_1_137' title='bbox 726 1398 941 1447; x_wconf 85' lang='lat' dir='ltr'>fratresque</span> <span class='ocrx_word' id='word_1_138' title='bbox 970 1388 1200 1448; x_wconf 77' lang='lat' dir='ltr'>parensque,</span> 
     </span>
    </p>

    <p class='ocr_par' dir='ltr' id='par_1_14' title="bbox 101 1461 1430 1578">
     <span class='ocr_line' id='line_1_21' title="bbox 101 1461 1430 1513; baseline 0 -13"><span class='ocrx_word' id='word_1_139' title='bbox 101 1462 194 1502; x_wconf 87' lang='lat' dir='ltr'>huic</span> <span class='ocrx_word' id='word_1_140' title='bbox 219 1476 309 1501; x_wconf 91' lang='lat' dir='ltr'>cum</span> <span class='ocrx_word' id='word_1_141' title='bbox 337 1462 566 1513; x_wconf 84' lang='lat' dir='ltr'>pignoribus</span> <span class='ocrx_word' id='word_1_142' title='bbox 593 1463 749 1510; x_wconf 91' lang='lat' dir='ltr'>domus,</span> <span class='ocrx_word' id='word_1_143' title='bbox 775 1470 813 1502; x_wconf 86' lang='lat' dir='ltr'>et</span> <span class='ocrx_word' id='word_1_144' title='bbox 842 1464 1125 1513; x_wconf 85' lang='lat' dir='ltr'>quodcumque</span> <span class='ocrx_word' id='word_1_145' title='bbox 1152 1461 1330 1501; x_wconf 86' lang='lat' dir='ltr'>relictum</span> <span class='ocrx_word' id='word_1_146' title='bbox 1359 1469 1430 1501; x_wconf 87' lang='lat' dir='ltr'>est.</span> 
     </span>
     <span class='ocr_line' id='line_1_22' title="bbox 101 1527 941 1578; baseline 0.001 -12"><span class='ocrx_word' id='word_1_147' title='bbox 101 1529 279 1578; x_wconf 89' lang='lat' dir='ltr'>Alcyone</span> <span class='ocrx_word' id='word_1_148' title='bbox 301 1530 432 1578; x_wconf 85' lang='lat' dir='ltr'>Ceyca</span> <span class='ocrx_word' id='word_1_149' title='bbox 461 1536 603 1576; x_wconf 78' lang='lat' dir='ltr'>movet,</span> <span class='ocrx_word' id='word_1_150' title='bbox 636 1527 776 1578; x_wconf 84' lang='lat' dir='ltr'>Ceycis</span> <span class='ocrx_word' id='word_1_151' title='bbox 806 1528 845 1566; x_wconf 91' lang='lat' dir='ltr'>in</span> <span class='ocrx_word' id='word_1_152' title='bbox 875 1541 941 1568; x_wconf 94' lang='lat' dir='ltr'>ore</span> 
     </span>
    </p>

    <p class='ocr_par' dir='ltr' id='par_1_15' title="bbox 101 1593 1431 1775">
     <span class='ocr_line' id='line_1_23' title="bbox 101 1593 1431 1644; baseline 0 -12"><span class='ocrx_word' id='word_1_153' title='bbox 101 1595 208 1632; x_wconf 90' lang='lat' dir='ltr'>nulla</span> <span class='ocrx_word' id='word_1_154' title='bbox 237 1593 311 1633; x_wconf 89' lang='lat' dir='ltr'>nisi</span> <span class='ocrx_word' id='word_1_155' title='bbox 341 1595 518 1644; x_wconf 79' lang='lat' dir='ltr'>Alcyone</span> <span class='ocrx_word' id='word_1_156' title='bbox 547 1602 605 1633; x_wconf 85' lang='lat' dir='ltr'>est</span> <span class='ocrx_word' id='word_1_157' title='bbox 621 1609 630 1642; x_wconf 67' lang='grc' dir='ltr'><strong>ς</strong></span> <span class='ocrx_word' id='word_1_158' title='bbox 668 1603 705 1633; x_wconf 90' lang='lat' dir='ltr'>et</span> <span class='ocrx_word' id='word_1_159' title='bbox 735 1608 826 1633; x_wconf 93' lang='lat' dir='ltr'>cum</span> <span class='ocrx_word' id='word_1_160' title='bbox 855 1594 1052 1633; x_wconf 82' lang='lat' dir='ltr'>desideret</span> <span class='ocrx_word' id='word_1_161' title='bbox 1080 1607 1212 1640; x_wconf 88' lang='lat' dir='ltr'>unam,</span> <span class='ocrx_word' id='word_1_162' title='bbox 1366 1609 1431 1642; x_wconf 83' lang='lat'>545</span> 
     </span>
     <span class='ocr_line' id='line_1_24' title="bbox 101 1659 1323 1710; baseline 0 -13"><span class='ocrx_word' id='word_1_163' title='bbox 101 1659 247 1708; x_wconf 85' lang='lat' dir='ltr'>gaudet</span> <span class='ocrx_word' id='word_1_164' title='bbox 275 1659 414 1698; x_wconf 87' lang='lat' dir='ltr'>abesse</span> <span class='ocrx_word' id='word_1_165' title='bbox 444 1667 587 1698; x_wconf 88' lang='lat' dir='ltr'>tamen.</span> <span class='ocrx_word' id='word_1_166' title='bbox 646 1659 793 1710; x_wconf 86' lang='lat' dir='ltr'>patriae</span> <span class='ocrx_word' id='word_1_167' title='bbox 823 1673 983 1710; x_wconf 84' lang='lat' dir='ltr'>quoque</span> <span class='ocrx_word' id='word_1_168' title='bbox 1013 1661 1128 1698; x_wconf 75' lang='lat' dir='ltr'>vellet</span> <span class='ocrx_word' id='word_1_169' title='bbox 1156 1660 1207 1698; x_wconf 87' lang='lat' dir='ltr'>ad</span> <span class='ocrx_word' id='word_1_170' title='bbox 1236 1672 1323 1697; x_wconf 75' lang='lat' dir='ltr'>oras</span> 
     </span>
     <span class='ocr_line' id='line_1_25' title="bbox 102 1724 1245 1775; baseline -0.001 -12"><span class='ocrx_word' id='word_1_171' title='bbox 102 1724 304 1775; x_wconf 88' lang='lat' dir='ltr'>respicere,</span> <span class='ocrx_word' id='word_1_172' title='bbox 335 1724 455 1775; x_wconf 86' lang='lat' dir='ltr'>inque</span> <span class='ocrx_word' id='word_1_173' title='bbox 484 1725 650 1764; x_wconf 88' lang='lat' dir='ltr'>domum</span> <span class='ocrx_word' id='word_1_174' title='bbox 680 1738 885 1775; x_wconf 87' lang='lat' dir='ltr'>supremos</span> <span class='ocrx_word' id='word_1_175' title='bbox 914 1733 1062 1763; x_wconf 73' lang='lat' dir='ltr'>vertere</span> <span class='ocrx_word' id='word_1_176' title='bbox 1092 1725 1245 1762; x_wconf 74' lang='lat' dir='ltr'>vultus:</span> 
     </span>
    </p>

    <p class='ocr_par' dir='ltr' id='par_1_16' title="bbox 102 1789 1131 1841">
     <span class='ocr_line' id='line_1_26' title="bbox 102 1789 1131 1841; baseline 0.001 -14"><span class='ocrx_word' id='word_1_177' title='bbox 102 1801 237 1828; x_wconf 87' lang='lat' dir='ltr'>verum</span> <span class='ocrx_word' id='word_1_178' title='bbox 268 1789 335 1828; x_wconf 90' lang='lat' dir='ltr'>ubi</span> <span class='ocrx_word' id='word_1_179' title='bbox 365 1789 413 1828; x_wconf 92' lang='lat' dir='ltr'>sit</span> <span class='ocrx_word' id='word_1_180' title='bbox 442 1789 567 1829; x_wconf 88' lang='lat' dir='ltr'>nescit</span> <span class='ocrx_word' id='word_1_181' title='bbox 582 1804 592 1837; x_wconf 74' lang='lat'><em>3</em></span> <span class='ocrx_word' id='word_1_182' title='bbox 631 1798 738 1828; x_wconf 90' lang='lat' dir='ltr'>tanta</span> <span class='ocrx_word' id='word_1_183' title='bbox 768 1789 956 1841; x_wconf 78' lang='lat' dir='ltr'>vertigine</span> <span class='ocrx_word' id='word_1_184' title='bbox 986 1798 1131 1841; x_wconf 80' lang='lat' dir='ltr'>pontus</span> 
     </span>
    </p>

    <p class='ocr_par' dir='ltr' id='par_1_17' title="bbox 103 1855 1069 1907">
     <span class='ocr_line' id='line_1_27' title="bbox 103 1855 1069 1907; baseline 0 -13"><span class='ocrx_word' id='word_1_185' title='bbox 103 1856 235 1902; x_wconf 78' lang='lat' dir='ltr'>fervet,</span> <span class='ocrx_word' id='word_1_186' title='bbox 267 1863 305 1894; x_wconf 90' lang='lat' dir='ltr'>et</span> <span class='ocrx_word' id='word_1_187' title='bbox 334 1855 496 1895; x_wconf 86' lang='lat' dir='ltr'>inducta</span> <span class='ocrx_word' id='word_1_188' title='bbox 525 1855 645 1907; x_wconf 87' lang='lat' dir='ltr'>piceis</span> <span class='ocrx_word' id='word_1_189' title='bbox 676 1872 697 1895; x_wconf 80' lang='lat' dir='ltr'>e</span> <span class='ocrx_word' id='word_1_190' title='bbox 726 1855 900 1895; x_wconf 76' lang='lat' dir='ltr'>nubibus</span> <span class='ocrx_word' id='word_1_191' title='bbox 930 1856 1069 1895; x_wconf 81' lang='lat' dir='ltr'>umbra</span> 
     </span>
    </p>

    <p class='ocr_par' dir='ltr' id='par_1_18' title="bbox 103 1921 1432 2037">
     <span class='ocr_line' id='line_1_28' title="bbox 103 1921 1432 1973; baseline -0.002 -14"><span class='ocrx_word' id='word_1_192' title='bbox 103 1934 223 1960; x_wconf 91' lang='lat' dir='ltr'>omne</span> <span class='ocrx_word' id='word_1_193' title='bbox 251 1922 345 1960; x_wconf 84' lang='lat' dir='ltr'>latet</span> <span class='ocrx_word' id='word_1_194' title='bbox 373 1923 538 1968; x_wconf 86' lang='lat' dir='ltr'>caelum,</span> <span class='ocrx_word' id='word_1_195' title='bbox 569 1921 850 1973; x_wconf 83' lang='lat' dir='ltr'>duplicataque</span> <span class='ocrx_word' id='word_1_196' title='bbox 880 1921 1007 1960; x_wconf 86' lang='lat' dir='ltr'>noctis</span> <span class='ocrx_word' id='word_1_197' title='bbox 1038 1921 1168 1971; x_wconf 78' lang='lat' dir='ltr'>imago</span> <span class='ocrx_word' id='word_1_198' title='bbox 1197 1928 1266 1960; x_wconf 80' lang='lat' dir='ltr'>est.</span> <span class='ocrx_word' id='word_1_199' title='bbox 1366 1936 1432 1968; x_wconf 81' lang='lat'>550</span> 
     </span>
     <span class='ocr_line' id='line_1_29' title="bbox 103 1985 1028 2037; baseline 0 -13"><span class='ocrx_word' id='word_1_200' title='bbox 103 1985 290 2037; x_wconf 83' lang='lat' dir='ltr'>frangitur</span> <span class='ocrx_word' id='word_1_201' title='bbox 318 1986 477 2025; x_wconf 87' lang='lat' dir='ltr'>incursu</span> <span class='ocrx_word' id='word_1_202' title='bbox 505 1986 677 2026; x_wconf 85' lang='lat' dir='ltr'>nimbosi</span> <span class='ocrx_word' id='word_1_203' title='bbox 707 1986 874 2026; x_wconf 86' lang='lat' dir='ltr'>turbinis</span> <span class='ocrx_word' id='word_1_204' title='bbox 903 1987 1028 2033; x_wconf 86' lang='lat' dir='ltr'>arbor,</span> 
     </span>
    </p>

    <p class='ocr_par' dir='ltr' id='par_1_19' title="bbox 104 2052 1249 2104">
     <span class='ocr_line' id='line_1_30' title="bbox 104 2052 1249 2104; baseline 0 -14"><span class='ocrx_word' id='word_1_205' title='bbox 104 2052 291 2102; x_wconf 85' lang='lat' dir='ltr'>frangitur</span> <span class='ocrx_word' id='word_1_206' title='bbox 318 2060 357 2091; x_wconf 91' lang='lat' dir='ltr'>et</span> <span class='ocrx_word' id='word_1_207' title='bbox 386 2052 570 2103; x_wconf 82' lang='lat' dir='ltr'>regimen,</span> <span class='ocrx_word' id='word_1_208' title='bbox 602 2053 817 2104; x_wconf 88' lang='lat' dir='ltr'>spoliisque</span> <span class='ocrx_word' id='word_1_209' title='bbox 845 2053 1023 2092; x_wconf 82' lang='lat' dir='ltr'>animosa</span> <span class='ocrx_word' id='word_1_210' title='bbox 1052 2060 1249 2102; x_wconf 82' lang='lat' dir='ltr'>superstes</span> 
     </span>
    </p>

    <p class='ocr_par' dir='ltr' id='par_1_20' title="bbox 104 2117 1166 2169">
     <span class='ocr_line' id='line_1_31' title="bbox 104 2117 1166 2169; baseline 0 -13"><span class='ocrx_word' id='word_1_211' title='bbox 104 2119 222 2164; x_wconf 89' lang='lat' dir='ltr'>unda,</span> <span class='ocrx_word' id='word_1_212' title='bbox 254 2119 360 2156; x_wconf 79' lang='lat' dir='ltr'>velut</span> <span class='ocrx_word' id='word_1_213' title='bbox 389 2117 535 2165; x_wconf 77' lang='lat' dir='ltr'>victrix,</span> <span class='ocrx_word' id='word_1_214' title='bbox 566 2118 800 2169; x_wconf 87' lang='lat' dir='ltr'>sinuataque</span> <span class='ocrx_word' id='word_1_215' title='bbox 829 2117 997 2169; x_wconf 85' lang='lat' dir='ltr'>despicit</span> <span class='ocrx_word' id='word_1_216' title='bbox 1027 2119 1166 2163; x_wconf 85' lang='lat' dir='ltr'>undas,</span> 
     </span>
    </p>

    <p class='ocr_par' dir='ltr' id='par_1_21' title="bbox 104 2182 1271 2234">
     <span class='ocr_line' id='line_1_32' title="bbox 104 2182 1271 2234; baseline 0 -13"><span class='ocrx_word' id='word_1_217' title='bbox 104 2195 178 2222; x_wconf 89' lang='lat' dir='ltr'>nec</span> <span class='ocrx_word' id='word_1_218' title='bbox 207 2182 342 2230; x_wconf 89' lang='lat' dir='ltr'>levius,</span> <span class='ocrx_word' id='word_1_219' title='bbox 372 2196 491 2233; x_wconf 84' lang='lat' dir='ltr'>quam</span> <span class='ocrx_word' id='word_1_220' title='bbox 521 2183 644 2234; x_wconf 90' lang='lat' dir='ltr'>siquis</span> <span class='ocrx_word' id='word_1_221' title='bbox 674 2184 809 2222; x_wconf 89' lang='lat' dir='ltr'>Athon</span> <span class='ocrx_word' id='word_1_222' title='bbox 844 2182 1066 2222; x_wconf 76' lang='lat' dir='ltr'>Pindumve</span> <span class='ocrx_word' id='word_1_223' title='bbox 1096 2183 1271 2222; x_wconf 78' lang='lat' dir='ltr'>revulsos</span> 
     </span>
    </p>

    <p class='ocr_par' dir='ltr' id='par_1_22' title="bbox 104 2248 1102 2300">
     <span class='ocr_line' id='line_1_33' title="bbox 104 2248 1102 2300; baseline 0 -14"><span class='ocrx_word' id='word_1_224' title='bbox 104 2249 198 2288; x_wconf 90' lang='lat' dir='ltr'>sede</span> <span class='ocrx_word' id='word_1_225' title='bbox 227 2261 298 2287; x_wconf 88' lang='lat' dir='ltr'>sua</span> <span class='ocrx_word' id='word_1_226' title='bbox 326 2255 430 2287; x_wconf 88' lang='lat' dir='ltr'>totos</span> <span class='ocrx_word' id='word_1_227' title='bbox 459 2248 498 2287; x_wconf 89' lang='lat' dir='ltr'>in</span> <span class='ocrx_word' id='word_1_228' title='bbox 527 2256 707 2300; x_wconf 83' lang='lat' dir='ltr'>apertum</span> <span class='ocrx_word' id='word_1_229' title='bbox 736 2248 915 2288; x_wconf 82' lang='lat' dir='ltr'>everterit</span> <span class='ocrx_word' id='word_1_230' title='bbox 944 2262 1102 2299; x_wconf 83' lang='lat' dir='ltr'>aequor,</span> 
     </span>
    </p>

    <p class='ocr_par' dir='ltr' id='par_1_23' title="bbox 105 2312 1203 2365">
     <span class='ocr_line' id='line_1_34' title="bbox 105 2312 1203 2365; baseline -0.001 -13"><span class='ocrx_word' id='word_1_231' title='bbox 105 2312 358 2364; x_wconf 87' lang='lat' dir='ltr'>praecipitata</span> <span class='ocrx_word' id='word_1_232' title='bbox 386 2313 503 2360; x_wconf 89' lang='lat' dir='ltr'>cadit,</span> <span class='ocrx_word' id='word_1_233' title='bbox 534 2313 755 2365; x_wconf 87' lang='lat' dir='ltr'>pariterque</span> <span class='ocrx_word' id='word_1_234' title='bbox 784 2321 823 2352; x_wconf 86' lang='lat' dir='ltr'>ct</span> <span class='ocrx_word' id='word_1_235' title='bbox 852 2314 1027 2365; x_wconf 88' lang='lat' dir='ltr'>pondere</span> <span class='ocrx_word' id='word_1_236' title='bbox 1057 2321 1094 2352; x_wconf 86' lang='lat' dir='ltr'>et</span> <span class='ocrx_word' id='word_1_237' title='bbox 1125 2313 1203 2351; x_wconf 87' lang='lat' dir='ltr'>ictu</span> 
     </span>
    </p>

    <p class='ocr_par' dir='ltr' id='par_1_24' title="bbox 106 2377 1313 2430">
     <span class='ocr_line' id='line_1_35' title="bbox 106 2377 1313 2430; baseline -0.002 -13"><span class='ocrx_word' id='word_1_238' title='bbox 106 2377 245 2429; x_wconf 84' lang='lat' dir='ltr'>mergit</span> <span class='ocrx_word' id='word_1_239' title='bbox 274 2378 313 2417; x_wconf 93' lang='lat' dir='ltr'>in</span> <span class='ocrx_word' id='word_1_240' title='bbox 343 2378 421 2417; x_wconf 81' lang='lat' dir='ltr'>ima</span> <span class='ocrx_word' id='word_1_241' title='bbox 450 2387 570 2418; x_wconf 80' lang='lat' dir='ltr'>ratem</span> <span class='ocrx_word' id='word_1_242' title='bbox 587 2394 596 2428; x_wconf 81' lang='lat'><em>3</em></span> <span class='ocrx_word' id='word_1_243' title='bbox 634 2393 724 2419; x_wconf 90' lang='lat' dir='ltr'>cum</span> <span class='ocrx_word' id='word_1_244' title='bbox 755 2393 833 2430; x_wconf 82' lang='lat' dir='ltr'>qua</span> <span class='ocrx_word' id='word_1_245' title='bbox 857 2393 944 2430; x_wconf 73' lang='lat' dir='ltr'>pars</span> <span class='ocrx_word' id='word_1_246' title='bbox 975 2392 1115 2429; x_wconf 74' lang='lat' dir='ltr'>inagna</span> <span class='ocrx_word' id='word_1_247' title='bbox 1144 2378 1313 2416; x_wconf 76' lang='lat' dir='ltr'>virorum</span> 
     </span>
    </p>
   </div>
  </div>
 </body>
</html>
