1747 2742
626 90 668 128 P.
701 89 864 151 OVIDI
897 89 1135 128 NASONIS

221 199 399 251 cingitur,
431 208 469 239 et
498 199 675 251 pendent
705 198 851 238 circum
882 212 977 238 cava
1007 206 1185 251 tempora
1213 199 1387 250 glandes.

221 266 332 316 isque
361 266 481 305 deum
510 264 663 316 pecoris
692 271 875 316 spectans
907 264 972 304 ‘in
1001 264 1156 305 iudice’
1185 264 1281 304 dixit

223 331 351 369 ‘nulla
381 343 490 369 mora
519 331 601 369 est)
658 329 818 369 calamis
847 329 1066 380 agrestibus
1095 329 1252 369 insonat
1281 329 1356 377 ille,

220 395 505 446 barbaricoque
536 395 678 435 Midan
707 394 858 446 (aderat
887 408 979 434 nam
1008 396 1107 435 forte
1136 395 1310 446 canenti)

221 461 394 501 carmine
423 460 583 500 delenit.
642 468 731 511 post
760 461 867 500 hunc
897 473 1006 501 sacer
1036 474 1103 500 ora
1131 460 1284 500 retorsit

220 527 387 565 Tmolus
415 527 466 565 ad
496 539 540 565 os
570 527 723 566 Phoebi
738 541 749 575 5
785 527 937 566 vultum
968 539 1037 566 sua
1066 527 1162 566 silva
1190 534 1325 566 secuta
1354 534 1423 565 est.

220 591 284 630 ille
313 599 431 642 caput
460 592 604 630 flavum
633 593 743 631 lauro
773 591 986 631 Parnaside
1015 591 1170 631 vinctus

220 657 336 696 verrit
363 658 530 696 humum
560 659 596 696 T
598 656 680 708 yrio
709 664 879 696 saturata
909 657 1057 696 murice
1085 658 1199 708 palla,

220 723 530 774 instructamque
561 723 680 762 fidem
710 722 876 773 gemmis
905 730 944 761 et
973 722 1160 762 dentibus
1190 722 1302 762 Indis

221 788 386 828 sustinet
415 802 437 827 a
467 789 576 827 laeva
591 802 601 836 3
640 789 766 828 tenuit
796 801 937 827 manus
966 789 1086 828 altera
1114 789 1317 840 plectrum.

219 853 378 893 artificis
407 860 529 892 status
559 853 643 904 ipse
672 855 755 892 fuit.
813 861 898 892 turn
927 853 1095 893 stamina
1124 854 1244 893 docto

220 919 363 971 pollice
392 919 602 967 sollicitat3
640 932 808 970 quorum
839 918 1051 959 dulcedine
1081 927 1219 971 captus

222 988 330 1024 Pana
358 983 467 1024 iubet
496 985 664 1024 Tmolus
694 984 866 1024 citharae
895 984 1126 1024 submittere
1156 997 1313 1023 cannas.

220 1049 410 1089 iudicium
442 1049 647 1101 sanctique
676 1051 805 1100 placet
835 1049 1030 1090 sententia
1059 1050 1204 1089 montis

220 1115 406 1154 omnibus
421 1130 431 1164 ,·
467 1115 639 1166 arguitur
668 1123 800 1154 tamen
830 1123 949 1166 atque
978 1114 1121 1154 iniusta
1150 1123 1311 1155 vocatur

220 1180 335 1220 unius
366 1194 547 1220 sermone
578 1180 724 1220 Midae.
785 1194 859 1220 nec
890 1181 1028 1221 Delius
1057 1194 1169 1221 aures

220 1247 434 1285 humanam
465 1246 626 1285 stolidas
655 1246 800 1297 patitur
828 1246 994 1286 retinere
1025 1247 1199 1298 figuram,

220 1313 290 1351 sed
320 1311 436 1351 trahit
465 1311 505 1350 in
536 1311 718 1363 spatium,
749 1311 928 1363 villisque
958 1311 1182 1351 albentibus
1212 1311 1360 1362 implet,

219 1377 501 1428 instabilesque
529 1377 628 1416 imas
657 1377 748 1416 facit
777 1385 815 1416 et
844 1379 911 1417 dat
941 1391 1056 1429 posse
1086 1377 1244 1417 moveri.

219 1452 348 1483 cetera
377 1451 467 1482 sunt
496 1442 680 1490 hominis,
711 1451 861 1494 partem
892 1444 1100 1482 damnatur
1130 1443 1169 1482 in
1200 1457 1330 1490 unam,

221 1508 475 1559 induiturque
503 1521 615 1548 aures
645 1509 750 1548 lente
779 1509 992 1560 gradientis
1021 1509 1141 1548 aselli.

276 1575 348 1613 Ille
378 1575 539 1625 quidem
570 1575 695 1613 celare
725 1574 844 1625 cupit,
877 1575 1061 1626 turpique
1091 1575 1242 1625 pudore

220 1648 398 1690 tempora
427 1639 630 1690 purpureis
660 1648 826 1690 temptat
856 1641 982 1679 velare
1013 1640 1130 1679 tiaris.

220 1706 290 1744 sed
319 1705 456 1744 solitus
485 1706 625 1756 longos
655 1706 755 1745 ferro
785 1719 959 1745 resecare
988 1706 1151 1757 capillos

220 1772 368 1810 viderat
398 1772 475 1810 hoc
504 1772 685 1810 famulus.
745 1771 811 1822 qui
843 1785 932 1811 cum
965 1784 1037 1811 nec
1068 1772 1233 1822 prodere
1263 1772 1387 1809 visum

220 1837 395 1876 dedecus
423 1837 596 1883 auderet,
629 1837 792 1888 cupiens
823 1838 957 1876 efferre
987 1837 1060 1875 sub
1089 1849 1214 1884 auraS‚

221 1915 294 1941 nec
324 1909 456 1953 posset
486 1903 646 1941 reticere
677 1911 819 1949 tamen,
852 1902 1001 1942 secedit
1031 1902 1278 1952 humumque

220 1969 356 2008 effodit
386 1976 436 2016 et,
469 1967 620 2007 domini
651 1969 787 2019 quales
816 1967 1008 2019 aspexerit
1038 1980 1163 2014 aures,

220 2047 317 2073 voce
347 2034 460 2073 refert
490 2046 617 2084 parva,
649 2042 851 2084 terraeque
883 2035 1151 2072 immurmurat
1182 2033 1368 2079 haustae;

221 2099 492 2149 indiciumque
521 2111 615 2138 suae
644 2100 751 2137 vocis
781 2100 918 2138 tellure
947 2107 1097 2149 regesta

220 2164 361 2211 obruit,
393 2172 430 2204 et
461 2163 666 2204 scrobibus
696 2164 836 2203 tacitus
867 2164 1034 2203 discedit
1065 2164 1222 2215 opertis

220 2230 355 2269 creber
384 2229 671 2269 harundinibus
701 2230 876 2269 tremulis
906 2229 958 2268 ibi
988 2242 1143 2280 surgere
1173 2230 1283 2268 lucus

220 2295 362 2346 coepit,
394 2303 442 2341 et,
475 2304 514 2334 ut
546 2294 715 2345 primum
747 2296 865 2345 pleno
895 2294 1079 2334 maturuit
1109 2307 1227 2341 anno,

221 2360 393 2411 prodidit
423 2361 659 2410 agricolaum
697 2360 774 2399 leni
806 2373 896 2399 nam
928 2368 1057 2399 motus
1087 2360 1136 2399 ab
1166 2367 1300 2398 austro

1490 269 1552 302 162

1490 597 1551 641 165

1491 1581 1554 1613 180

1490 1910 1551 1951 ¹85

1490 2245 1552 2274 ¹00
