1747 2742
30 2431 65 2455 ον,
74 2421 82 2459 Ι

381 615 438 669 Ρ.
497 614 734 670 OVIDI
797 614 1161 669 NASONIS

258 755 1280 812 METAMORPHOSEON

502 909 674 947 LIBER
704 909 1042 949 VNDECIMVS

107 1011 314 1051 CARMlNE
342 1013 438 1051 dum
468 1013 534 1051 tali
563 1012 678 1052 silvas
707 1012 940 1063 animosque
968 1014 1135 1052 ferarum

106 1077 312 1116 Threicius
342 1086 449 1118 vates
479 1086 518 1117 et
547 1091 638 1117 saxa
667 1078 873 1129 sequentia
902 1078 1022 1125 ducit,

106 1155 199 1181 ecee
229 1156 348 1181 nurus
378 1143 586 1190 Ciconum,
619 1151 746 1183 tectae
774 1144 975 1194 lymphata
1004 1142 1135 1182 ferinis

106 1215 265 1257 pectora
293 1207 512 1255 velleribus,
545 1208 685 1246 tumuli
714 1209 764 1247 de
793 1207 937 1247 vertice
966 1215 1132 1247 cernunt

107 1271 268 1322 Orphea
296 1272 489 1323 percussis
518 1273 735 1312 sociantem
765 1273 937 1311 carmina
966 1272 1104 1312 nervis.

106 1349 128 1375 e
157 1336 301 1387 quibus
331 1351 418 1385 una,
450 1339 555 1377 leves
584 1337 728 1377 iactato
757 1337 863 1377 crine
891 1351 960 1389 per
988 1351 1112 1385 auras,

107 1403 207 1449 ‘en‚'
234 1402 288 1441 ait
320 1405 391 1441 ‘en
421 1402 486 1441 hic
515 1410 574 1442 est
605 1402 727 1442 nostri
757 1403 1034 1454 contemptor,'
1064 1410 1102 1442 et
1131 1403 1283 1441 hastam

105 1466 203 1506 vatis
232 1467 432 1518 Apollinei
461 1467 612 1507 vocalia
639 1467 744 1507 misit
773 1468 813 1506 in
842 1481 936 1517 ora3

105 1545 207 1583 quae
235 1532 338 1572 foliis
367 1541 548 1584 praesuta
576 1541 713 1572 notam
741 1533 826 1572 sine
854 1535 1014 1573 vulnere
1043 1532 1146 1573 fecit.

105 1597 262 1637 alterius
291 1599 414 1637 telum
442 1598 541 1649 lapis
571 1606 629 1638 est
645 1613 655 1646 3
694 1598 761 1649 qui
791 1598 932 1638 missus
961 1598 1002 1637 in
1030 1597 1117 1648 ipso

105 1675 194 1702 aere
222 1671 420 1702 concentu
449 1663 574 1702 victus
603 1663 790 1714 vocisque
819 1665 1003 1714 lyraeque
1031 1671 1100 1709 est,

105 1741 151 1767 ac
180 1728 301 1767 veluti
329 1730 495 1780 supplex
523 1742 594 1780 pro
623 1736 704 1768 tam
733 1727 936 1768 furialibus
964 1728 1069 1767 ausis

105 1801 197 1832 ante
226 1795 348 1845 pedes
377 1793 507 1833 iacuit.
567 1795 637 1833 sed
667 1793 773 1833 enim
803 1793 1008 1833 temeraria
1035 1801 1217 1832 crescunt

108 1859 220 1906 bella,
252 1860 476 1910 modusque
504 1859 610 1906 abiit,
642 1859 860 1910 insanaque
888 1866 1023 1910 regnat
1052 1857 1203 1907 Erinys.

106 1932 328 1975 cunctaque
357 1926 435 1964 tela
463 1926 590 1964 forent
620 1932 738 1963 cantu
768 1924 944 1964 mollita:
982 1925 1053 1963 sed
1081 1923 1218 1974 ingens

106 1990 255 2028 clamor
284 1997 322 2028 et
351 1989 517 2029 infracto
547 1989 779 2040 Berecyntia
808 1989 904 2028 tibia
932 2002 1056 2028 cornu

107 2061 372 2104 tympanaque
402 2062 440 2092 et
469 2055 629 2105 plausus
657 2062 696 2094 et
726 2053 896 2093 Bacchei
926 2055 1096 2092 ululatus

107 2118 362 2168 obstrepuere
391 2133 491 2159 sono
520 2114 719 2158 citharae(
761 2127 845 2158 turn
874 2118 1048 2169 denique
1076 2131 1168 2157 saxa

107 2198 189 2224 non
218 2185 390 2225 exauditi
419 2187 634 2225 rubuerunt
663 2186 853 2237 sanguine
882 2185 990 2224 vatis.

107 2262 153 2288 ac
183 2251 353 2300 primum
381 2251 567 2290 attonitas
597 2251 814 2290 etiamnum
843 2263 940 2290 voce
968 2249 1146 2289 canentis

107 2313 333 2353 innumeras
362 2316 540 2354 volucres
569 2329 796 2367 anguesque
824 2328 1046 2366 agmenque
1075 2315 1242 2353 ferarum

113 2381 330 2419 Maenades
361 2380 510 2431 Orphei
540 2381 697 2420 titulum
726 2395 887 2432 rapuere
917 2379 1068 2419 theatri.

154 2453 209 2476 0V.
231 2454 308 2476 Myr.
329 2455 364 2475 :ss

1399 1611 1437 1633 10

1397 2264 1438 2286 20
