1747 2742
499 112 1058 153 METAMORPHOSEON
1093 113 1199 152 LIB.
1227 113 1286 151 XI

227 222 410 260 Aesacon
439 221 627 260 umbrosa
654 222 786 261 furtim
816 223 1014 273 peperisse
1043 223 1117 262 sub
1147 224 1221 262 Ida

227 286 347 324 fertur
374 285 597 334 Alexirhoe,
629 287 802 327 Granico
830 296 922 327 nata
950 287 1114 327 bicorni.

228 352 365 390 oderat
393 351 458 390 hic
486 352 614 399 urbes,
645 351 850 404 nitidaque
878 360 1053 392 remotus
1081 353 1133 391 ab
1161 354 1251 391 aula

228 423 400 455 secretos
429 425 584 456 montes
612 425 651 457 et
679 418 932 458 inambitiosa
959 418 1116 458 colebat

228 495 327 530 rura,
358 496 432 521 nec
463 482 605 522 Iliacos
635 491 771 523 coetus
800 483 875 523 nisi
904 497 1011 522 rarus
1039 483 1183 522 adibat.

229 561 310 586 non
338 555 489 599 agreste
518 556 650 587 tamen
680 562 753 588 nec
782 548 1086 600 inexpugnabile
1113 548 1237 587 amori

228 620 366 664 pectus
395 614 547 653 habens
576 614 690 653 silvas
719 622 916 665 captatam
945 628 1064 665 saepe
1091 628 1161 665 per
1189 627 1328 653 omnes

172 727 177 731 ι
229 678 398 729 adspicit
428 679 651 730 Hesperien
681 679 805 730 patria
833 679 1061 720 Cebrenida
1090 679 1184 730 ripa,

229 743 395 783 iniectos
424 744 569 783 umeris
598 745 812 784 siccantem
842 746 926 784 sole
955 744 1129 796 capillos.

229 808 313 848 visa
340 809 437 859 fugit
467 811 665 860 Nymphe,
696 810 817 850 veluti
845 810 1048 861 perterrita
1076 811 1226 848 fulvum

230 887 344 913 cerva
371 876 521 926 lupum,
553 877 750 927 longeque
778 877 866 915 lacu
895 876 1090 927 deprensa
1118 875 1255 914 relicto

230 939 457 991 accipitrem
487 941 652 980 fluvialis
681 955 786 980 anas.
845 955 965 992 quam
995 940 1137 980 Troius
1167 942 1283 979 heros

231 1005 460 1056 insequitur,
491 1007 740 1057 celeremque
770 1014 877 1045 metu
906 1008 1009 1045 celer
1038 1014 1148 1057 urget
1177 1020 1322 1045 amore.

231 1084 324 1109 ecce
353 1072 479 1110 latens
508 1071 630 1110 herba
658 1071 821 1110 coluber
848 1070 1031 1122 fugientis
1060 1072 1219 1110 adunco

233 1137 352 1175 dente
381 1137 525 1187 pedem
555 1136 717 1184 strinxit,
749 1136 932 1187 virusque
962 1136 1002 1175 in
1031 1150 1194 1187 corpore
1224 1136 1346 1187 liquit.

233 1215 322 1240 cum
353 1202 432 1240 vita
460 1215 669 1253 suppressa
697 1204 787 1253 fuga
816 1210 884 1241 est.
942 1202 1192 1253 amplectitur
1219 1215 1357 1241 amens

233 1267 453 1306 exanimem
484 1269 706 1318 clamatque
739 1270 760 1287 “
773 1267 889 1318 piget,
921 1267 1026 1318 piget
1055 1281 1141 1306 esse
1169 1274 1362 1306 secutum.

234 1334 304 1372 sed
334 1346 416 1372 non
445 1334 522 1372 hoc
551 1333 674 1380 timui,
707 1346 837 1384 neque
867 1341 947 1372 erat
977 1332 1072 1371 mihi
1103 1332 1258 1371 vincere
1288 1332 1396 1371 tanti.

234 1398 479 1449 perdidimus
508 1397 689 1437 miseram
722 1412 794 1437 nos
825 1407 862 1437 te
891 1399 998 1437 duo:
1036 1399 1177 1436 vulnus
1207 1399 1257 1437 ab
1285 1412 1424 1447 angue.

235 1478 257 1502 a
287 1477 351 1502 nie
380 1477 498 1502 causa
527 1465 619 1502 data
648 1472 716 1502 est.
776 1477 850 1514 ego
879 1477 965 1502 suni
996 1463 1218 1502 sceleratior
1247 1464 1342 1511 illo;

236 1528 302 1579 qui
333 1528 403 1567 tibi
434 1536 559 1568 morte
589 1542 676 1568 nica
706 1529 841 1567 mortis
871 1528 1015 1567 solacia
1046 1528 1234 1566 mittam.”

236 1593 347 1641 dixit,
376 1602 413 1633 et
443 1608 465 1632 c
495 1595 670 1645 scopulo,
703 1607 822 1644 quem
854 1607 969 1633 rauca
1000 1594 1209 1633 subederat
1239 1595 1357 1639 unda,

237 1673 278 1698 se
307 1659 417 1698 dedit
448 1659 486 1698 in
517 1667 695 1709 pontum.
755 1661 905 1709 Tethys
936 1659 1117 1698 miserata
1146 1660 1354 1698 cadentem

237 1725 406 1764 molliter
435 1725 600 1776 excepit,
633 1732 875 1775 nantemque
905 1739 973 1776 per
1002 1738 1173 1775 aequora
1203 1724 1344 1775 pennis

238 1791 341 1837 texit,
374 1798 411 1829 et
441 1799 598 1841 optatae
628 1804 707 1829 non
739 1798 797 1829 est
827 1792 918 1829 data
947 1790 1060 1841 copia
1092 1790 1237 1829 mortis.

238 1856 463 1907 indignatur
491 1870 628 1895 amans
658 1856 823 1894 invitum
853 1856 982 1895 vivere
1011 1856 1109 1906 cogi,

239 1921 465 1972 obstarique
493 1921 660 1967 animae,
693 1921 832 1960 misera
861 1923 911 1960 de
940 1923 1034 1960 sede
1063 1921 1208 1959 volenti

239 1987 353 2026 exire.
412 1996 533 2037 utque
564 2000 686 2026 novas
716 1987 860 2025 umeris
889 1987 1160 2037 adsumpserat
1190 1988 1281 2030 alas,

188 2046 194 2051 ’
239 2053 419 2091 subvolat
448 2061 567 2103 atque
597 2053 735 2092 iterum
767 2066 908 2102 corpus
939 2066 1054 2102 super
1082 2065 1251 2102 aequora
1283 2051 1410 2089 mittit.

241 2120 374 2169 pluma
404 2119 505 2157 levat
534 2132 658 2156 casus.
718 2117 805 2156 furit
839 2120 1024 2163 Aesacos,
1056 2117 1174 2166 inque
1206 2117 1443 2166 profundunt

242 2198 387 2233 pronus
416 2183 508 2228 abit,
542 2183 687 2233 letique
717 2184 817 2221 viani
849 2183 933 2221 sint·
964 2184 1040 2220 sine
1071 2191 1288 2231 retemptat.

242 2250 330 2288 set-it
361 2264 471 2287 annor
502 2249 678 2287 mavit-m.
739 2250 852 2298 longa
884 2247 1104 2286 internodia
1133 2261 1301 2292 (ϊιιι-υιιι,

243 2317 357 2364 longa
388 2324 518 2353 manet
550 2314 688 2358 cervix,
720 2322 836 2364 vaput
867 2321 924 2352 cst
954 2328 975 2351 a
1006 2326 1169 2363 corpore
1200 2314 1325 2361 longe.

241 2394 388 2431 aequor
417 2388 533 2426 amat,
566 2394 792 2430 nomenque
822 2387 941 2420 tenet.
972 2377 1062 2428 quia
1094 2377 1278 2426 tiit-ruitur
1308 2377 1398 2414 ino)

1496 424 1560 465 765

1505 1404 1568 1445 780
